2067 3298
229 577 244 608 5

205 1155 240 1187 15

129 1353 218 1394 Eph.

125 1400 177 1439 [V,
206 1401 222 1432 3

265 232 353 260 CAI'-
376 233 413 259 Il·
715 236 773 267 DE
801 236 1109 268 BLASPHEMIA.

263 341 546 378 instruccionis
566 351 647 378 tam
669 342 763 378 cleri
784 355 904 390 quam
925 342 1016 379 laici
1040 343 1095 379 sic
1120 344 1310 380 blasfeme
1333 345 1578 393 intelligunt.

264 402 306 435 In
330 399 441 436 cuius
465 400 623 447 signum
650 400 804 448 fingunt
837 400 1146 449 ydemptitatem
1182 401 1360 438 eiusdem
1397 404 1578 451 corporis

264 457 528 495 dimensivam
563 457 842 506 multiplicem,
877 467 914 494 et
952 458 1008 495 sic
1041 460 1089 495 de
1129 459 1217 495 aliis
1259 460 1489 503 blasfemiis,
1537 461 1577 498 in

264 515 407 564 quibus
440 515 598 564 gravius
631 516 940 564 profundantur.

319 576 367 610 Et
407 574 571 610 omnino
605 574 797 622 culpandi
829 583 919 610 sunt
958 575 1103 611 fratres
1137 575 1204 623 qui
1238 577 1386 612 habent
1418 577 1576 613 codices
1596 582 1664 610 The
1687 583 1793 611 Friars
1817 592 1868 611 are

1598 618 1689 644 mucii
1712 622 1742 645 to
1766 619 1867 646 blame

262 644 355 668 suos
379 632 518 680 plenos
542 633 617 669 hoc
641 632 889 679 testimonio,
911 641 991 669 tam
1015 646 1142 669 novos
1166 647 1266 682 quos
1290 634 1576 682 appreciantur
1590 653 1638 679 for
1653 653 1799 688 3110...ng
1817 654 1868 680 the

261 699 304 725 ut
338 690 614 738 ewangelium,
660 703 782 738 quam
816 690 1023 739 antiquos,
1064 700 1101 727 et
1141 701 1277 728 tamen
1317 705 1399 728 non
1438 691 1576 739 juvant

260 748 535 795 predicantem
561 749 663 785 hanc
686 748 805 784 fidem
839 748 879 783 in
905 749 1067 797 populo,
1097 751 1163 785 sed
1190 749 1308 786 fidem
1333 763 1446 786 suam
1472 751 1575 787 blas-

1598 687 1737 714 doctrine
1758 687 1793 715 of
1809 689 1858 715 the

1602 721 1731 757 identity
1753 723 1787 749 of
1804 724 1854 750 tlie

1644 757 1723 783 Host
1748 757 1821 784 with

1650 791 1755 819 Christ
1776 797 1806 819 to

259 806 362 842 ferne
401 806 569 843 reticent
609 815 645 843 et
691 808 925 854 depravant,
966 816 1007 843 ut
1052 807 1210 844 codices
1256 808 1437 856 ipsorum
1484 818 1701 861 SUsstspread
1724 831 1868 862 amongst

207 864 387 911 xopleni:
434 866 535 913 quod
579 877 652 900 non
701 865 857 900 videtur
900 878 1042 914 corpus
1085 866 1207 902 Cristi
1248 867 1283 901 in
1329 875 1574 903 sacramento

260 923 369 958 oculo
403 923 623 972 corpora&
654 923 756 971 quod
786 931 1073 959 Sacramentum
1107 924 1205 959 illud
1229 925 1349 960 visum
1384 937 1572 974 corpora-

260 980 350 1016 liter
381 981 426 1017 ab
460 981 513 1017 eis
546 981 581 1016 in
615 981 789 1016 manibus
821 982 1037 1017 sacerdotis
1059 994 1126 1017 nec
1159 989 1214 1018 est
1248 994 1314 1018 nec
1346 994 1428 1018 esse
1445 990 1573 1032 potest

261 1051 403 1087 corpus
426 1039 571 1074 domini
583 1039 825 1089 ydemptice,
850 1052 915 1075 nec
932 1051 1031 1088 pars
1054 1040 1144 1075 eins.
1182 1042 1229 1075 Et
1253 1049 1389 1076 tamen
1412 1040 1570 1077 dicunt:

1630 861 1680 888 the
1702 862 1821 896 people,

1625 896 1771 931 knowing
1792 897 1829 923 its

1600 930 1756 992 fa'snydsss
1777 931 1847 967 they

1599 1045 1687 1082 They
1710 1055 1763 1082 say
1785 1047 1848 1074 ll1at

1614 1081 1674 1108 this
1696 1081 1836 1108 doctrine

257 1096 373 1132 Talia
416 1109 496 1132 non
540 1105 630 1133 sunt
676 1097 922 1144 predicanda
972 1098 1138 1145 populo,
1184 1110 1232 1134 ne
1277 1098 1360 1134 eius
1406 1099 1712 1142 devociofavomS
1734 1117 1866 1151 popular

259 1154 528 1202 extinguatur3
561 1156 628 1190 sed
654 1154 832 1202 permitti
867 1157 983 1191 debet
1017 1155 1056 1190 in
1088 1155 1170 1191 eius
1194 1155 1393 1202 ydolatria
1417 1158 1572 1193 sordes<

258 1225 359 1248 cere.
407 1212 530 1249 Cuius
575 1225 737 1248 causam
785 1225 856 1260 ego
896 1226 977 1249 non
1016 1213 1132 1249 video
1172 1213 1248 1249 nisi
1293 1222 1335 1249 ut
1380 1215 1569 1262 populus,

257 1279 422 1318 propter
455 1279 639 1318 questum
680 1279 717 1307 et
751 1271 1022 1307 reverenciam
1058 1272 1306 1307 mundanam
1337 1272 1572 1320 presbyteri,

257 1330 492 1365 seducatur:
538 1337 575 1365 et
620 1329 675 1365 sic
720 1338 810 1365 sunt
855 1328 1019 1365 indubie
1063 1330 1246 1376 ydolatre
1280 1342 1322 1366 ex
1362 1343 1572 1368 consenSU.

257 1389 359 1423 Nam
400 1388 618 1423 secundum
661 1388 891 1435 apostolum
933 1388 983 1423 ad
1024 1388 1123 1435 Eph.
1158 1400 1197 1433 4,
1248 1389 1329 1423 Una
1369 1396 1425 1424 est
1450 1389 1569 1438 fides.

1605 1150 1769 1184 devotion;
1793 1152 1845 1178 but

1614 1185 1704 1212 Faz‘tlz
1726 1186 1751 1212 is
1772 1193 1840 1212 one.

201 1457 242 1477 20
259 1446 437 1481 Eandem
464 1457 557 1492 ergo
582 1445 715 1491 fidem,
740 1458 861 1493 quam
887 1451 984 1493 aput
1008 1458 1047 1481 se
1074 1447 1328 1482 abscondunt
1352 1447 1399 1482 de
1424 1446 1569 1493 hostia,
1585 1452 1614 1479 A
1635 1456 1811 1478 sacrament
1831 1452 1856 1479 is

159 1679 217 1708 ψ

197 1737 236 1769 25

258 1504 405 1539 debent
444 1504 621 1539 revelare
668 1504 833 1551 populo,
880 1516 929 1539 ne
975 1512 1113 1551 peccet
1157 1503 1358 1540 idolatria.
1414 1505 1568 1551 Sciunt,

256 1560 436 1609 inquam,
471 1562 578 1609 quod
612 1561 810 1609 sequitur:
845 1562 916 1597 hoc
947 1569 1002 1597 est
1024 1569 1311 1597 sacramentmn
1335 1563 1437 1611 quod
1460 1564 1569 1599 oculo

256 1619 458 1667 corporali
488 1619 762 1668 conspicimus:
810 1632 917 1667 ergo,
963 1632 1037 1655 non
1077 1627 1133 1655 est
1156 1621 1388 1672 ydemptice
1426 1633 1569 1670 corpus

260 1677 390 1713 Cristi.
427 1677 566 1713 Sciunt
600 1677 726 1713 eciam
761 1679 870 1725 quod
910 1677 1108 1725 sequitur:
1139 1678 1143 1725 Ι
1173 1678 1291 1714 multe
1328 1686 1416 1715 sunt
1447 1679 1569 1715 hostie

253 1743 474 1771 consecrate
497 1736 682 1771 distantes
704 1736 895 1781 localiter,
931 1743 965 1771 et
1000 1743 1348 1785 qztczntumczmzque
1371 1737 1569 1773 contrarie

253 1793 288 1828 in
321 1793 580 1829 accidentibus
613 1793 783 1829 variate:
815 1806 923 1841 ergo,
958 1792 1065 1830 nulla
1099 1806 1233 1829 earum
1268 1802 1323 1830 est
1338 1795 1570 1846 ydemptice

253 1863 396 1900 corpus
445 1851 575 1887 Cristi.
624 1853 671 1887 Et
716 1851 859 1897 sciunt,
905 1851 1045 1897 tercio,
1094 1853 1203 1900 quod
1247 1852 1446 1901 sequitur:
1500 1854 1571 1889 hoc

252 1916 536 1945 sacramentum
569 1917 625 1945 est
650 1910 827 1945 accidens
860 1912 916 1954 (ut
941 1909 1096 1957 fingunt
1130 1922 1173 1946 ex
1205 1910 1320 1958 fide);
1355 1924 1462 1958 ergo,
1497 1924 1570 1947 non

253 1974 309 2003 est
333 1968 563 2018 ydemptice
594 1980 736 2016 corpus
789 1967 946 2003 Christi.
981 1967 1093 2003 Sicut
1127 1980 1221 2016 ergo
1256 1970 1425 2005 credunt
1459 1978 1571 2005 ante-

254 2026 398 2061 cedens
432 2037 475 2061 ex
508 2025 599 2071 fide,
634 2024 690 2061 sic
724 2025 935 2073 predicent
967 2033 1003 2061 et
1038 2038 1302 2074 consequens,
1338 2039 1429 2063 cum
1454 2027 1570 2063 multi

253 2092 343 2119 sunt
376 2084 559 2131 ydolatre
592 2083 770 2131 pessimi,
804 2096 886 2119 non
920 2085 1140 2120 credentes.

322 2237 342 2256 1.
363 2228 464 2256 clerici
486 2229 526 2262 (ῖς
548 2229 587 2256 ib.
609 2228 686 2264 layci
707 2228 740 2255 E.
806 2236 831 2255 2.
852 2229 1172 2265 ydemptificacionem
1194 2229 1290 2263 CDE;
1312 2230 1353 2257 ib.
1375 2230 1514 2257 eiusdam
1537 2231 1568 2257 Β.

251 2262 276 2290 3.
298 2263 524 2291 dimensionem
545 2265 589 2295 A;
612 2264 818 2291 dimensivam
839 2272 921 2291 corr.
943 2272 981 2291 ex
1001 2264 1229 2291 dimensionem
1251 2265 1294 2297 D;
1321 2265 1362 2292 ib.
1384 2265 1570 2300 multiplica-

252 2299 372 2325 cionem
393 2299 436 2326 A:
464 2306 546 2326 corr.
569 2299 600 2326 Β.
710 2298 733 2326 5.
755 2298 866 2325 fratres
886 2299 1033 2331 culpandi
1055 2299 1126 2334 quia
1148 2307 1209 2326 non
1230 2299 1336 2326 iuvant
1358 2299 1515 2327 veritatem
1538 2301 1568 2327 in

251 2341 353 2369 marg.
370 2333 426 2368 inf.
445 2333 478 2360 C.
535 2342 561 2368 7.
582 2338 644 2360 tam
661 2341 722 2368 pro
744 2341 836 2368 quam
858 2334 902 2366 A;
924 2333 964 2360 ih.
988 2342 1048 2360 non
1069 2334 1177 2360 iuvant
1196 2342 1278 2361 corr.
1295 2342 1333 2361 ex
1349 2334 1510 2361 nominant
1531 2335 1567 2368 D3

250 2376 340 2403 super
360 2368 465 2395 imant
484 2367 550 2395 alia
571 2376 663 2394 manu
685 2368 848 2395 nominant
868 2368 901 2395 E.
959 2376 986 2399 o.
1010 2368 1139 2395 recitant
1159 2368 1198 2403 C;
1220 2376 1303 2396 corr.
1321 2377 1359 2396 ex
1379 2369 1506 2396 reticent
1525 2369 1568 2401 D;

252 2403 379 2430 recitant
397 2403 450 2430 sed
469 2403 499 2430 in
519 2411 621 2438 marg.
633 2411 643 2428 .·
672 2402 798 2430 reticent
818 2403 858 2436 E;
885 2403 925 2430 ib.
948 2400 1119 2438 dampnant
1138 2404 1176 2430 A.
1287 2411 1324 2430 12.
1353 2412 1407 2430 nec
1428 2412 1510 2431 corr.
1532 2412 1569 2431 ex

252 2437 334 2472 quod
356 2445 411 2464 nec
430 2437 466 2464 D.
552 2436 590 2464 13.
611 2441 676 2464 tum
693 2445 754 2472 pro
774 2442 876 2464 tamen
898 2437 932 2465 C.
1020 2446 1061 2470 14·
1085 2437 1274 2472 predicando
1296 2438 1330 2466 C.
1414 2438 1450 2466 15.
1472 2439 1568 2466 extin-

251 2476 369 2507 gwatur
389 2472 423 2498 E.
496 2472 539 2499 16.
561 2480 653 2499 causa
673 2480 734 2499 non
756 2472 980 2507 publicacionis
1001 2473 1032 2500 in
1053 2480 1154 2500 marff.
1177 2473 1211 2500 C.
1287 2481 1326 2508 17.
1349 2473 1509 2506 presbiteri
1532 2474 1566 2501 C.

251 2514 297 2533 20.
329 2514 388 2533 una
414 2511 459 2533 est
484 2506 559 2533 fides
585 2511 657 2533 nota
682 2506 712 2533 in
734 2514 834 2543 marg.
857 2507 899 2540 D;
930 2507 970 2534 ib.
998 2507 1079 2542 apud
1106 2492 1147 2539 ff:
1177 2507 1217 2534 ib.
1244 2507 1302 2535 hoc
1325 2515 1386 2543 pro
1408 2508 1508 2535 hostia
1528 2509 1567 2535 A.

251 2549 290 2568 21.
312 2541 462 2577 ydolatria
484 2541 573 2568 CDE.
656 2540 699 2568 23.
721 2541 835 2568 carnali
857 2541 890 2569 C.
975 2541 1017 2576 23,
1040 2549 1086 2575 24.
1108 2542 1274 2577 idemptice
1295 2542 1325 2569 in
1347 2550 1462 2577 corpus
1483 2543 1567 2570 cristi

252 2583 312 2602 non
334 2580 380 2603 est
400 2575 500 2602 hostia
520 2575 551 2602 in
565 2583 665 2612 marg.
681 2584 747 2611 sup.
770 2575 804 2603 C.
859 2577 906 2603 26.
928 2577 1072 2603 varietate
1093 2577 1131 2610 133
1153 2576 1193 2603 ib.
1209 2577 1265 2604 erit
1280 2577 1318 2610 B;
1339 2577 1378 2603 ib.
1393 2577 1567 2613 ydemptice

252 2614 297 2637 est
317 2610 351 2638 C.
416 2617 482 2672 C29.
505 2618 565 2637 non
587 2611 715 2637 credunt
734 2612 773 2637 A.
859 2609 904 2638 30.
927 2611 1063 2646 predicet
1083 2611 1124 2646 C3
1148 2611 1308 2646 predicant
1328 2612 1366 2638 A.
1451 2610 1490 2639 31.
1513 2620 1567 2640 nec

252 2653 311 2680 pro
333 2653 394 2672 non
445 2666 450 2672 .

327 2726 377 2748 12.
404 2717 561 2758 Aquinas
588 2717 699 2758 (Sum.
719 2716 845 2749 Theol.
873 2718 908 2749 3³
935 2718 1028 2757 Pars,
1057 2728 1115 2759 qu.
1142 2717 1196 2760 76,
1224 2724 1284 2749 art.
1312 2719 1346 2760 7)
1374 2718 1567 2762 absolutely

254 2763 373 2794 denies
398 2762 472 2794 that
498 2762 643 2794 Christ's
663 2764 763 2805 Body
789 2773 852 2794 can
878 2763 921 2795 be
948 2773 1030 2795 seen
1057 2764 1090 2795 in
1116 2764 1175 2796 the
1202 2764 1403 2796 Sacrament
1429 2765 1474 2808 by
1500 2776 1567 2807 any

253 2808 371 2850 bodily
390 2819 463 2850 eye.
489 2809 517 2840 It
541 2809 569 2839 is
596 2819 640 2839 no
667 2809 777 2840 doubt
794 2815 830 2840 to
849 2809 917 2840 this
936 2810 1109 2841 universal
1130 2810 1286 2841 doctrine
1305 2810 1345 2841 of
1359 2810 1417 2841 the
1436 2811 1563 2842 School

252 2854 325 2885 that
350 2855 483 2897 Wyclif
505 2853 649 2886 a'lludes.
677 2856 742 2886 See
780 2855 835 2887 De
862 2856 1063 2896 Apostasia,
1091 2856 1340 2896 Introduction,
1367 2867 1399 2898 p.
1426 2867 1495 2888 mx.

1616 1490 1669 1513 not
1690 1486 1833 1514 identical

1616 1521 1690 1547 with
1712 1520 1833 1554 Christ;

1638 1563 1694 1582 nor
1714 1555 1740 1582 is
1761 1564 1797 1582 an

1612 1590 1768 1617 accident:
1785 1591 1843 1618 and

1642 1625 1693 1651 the
1714 1625 1810 1652 Hosts

1596 1659 1684 1686 differ
1704 1660 1733 1686 in
1757 1668 1850 1697 many

1618 1694 1721 1730 things
1742 1695 1822 1722 from

1625 1729 1697 1756 each
1719 1730 1818 1757 other.
