2067 3298
260 252 348 280 CAP.
369 253 391 280 1.
713 255 772 286 DE
800 254 1109 286 BLASPHEMIA.
1817 257 1825 278 1
1842 243 1858 279 3

258 371 387 399 venta.
431 364 481 399 Ut
521 362 560 398 in
598 362 683 409 lege
715 361 837 398 veteri
869 369 1061 398 voverunt
1100 361 1174 397 deo
1215 369 1251 396 et
1291 373 1371 396 non
1404 359 1571 405 homini,

258 421 298 456 in
337 420 696 457 adinvencionibus
736 419 953 466 modernis,
1000 428 1143 456 vovent
1185 419 1303 455 stulte
1343 418 1497 454 homini
1538 426 1575 453 et

260 492 341 515 non
375 480 461 515 deo.

317 539 398 573 Nec
439 545 569 573 movet
609 536 761 572 dictum
800 535 980 572 Anselmi
1028 536 1073 571 de
1116 535 1443 578 similitudinibus,
1482 533 1576 582 quia
1638 539 1813 578 2.Anselm

227 594 443 643 §intelligit
477 596 524 630 de
558 594 626 630 illo
656 594 845 642 religioso
870 593 938 642 qui
963 606 1006 630 ex
1030 593 1172 630 maiori
1202 592 1368 630 caritate
1392 594 1576 629 observat
1650 575 1764 636 ῗξῗὲζῖ
1782 583 1818 636 {J}

259 653 478 702 perfeccius
511 653 639 701 legem
665 652 803 698 Cristi3
837 653 947 700 quod
979 651 1072 688 licet
1105 652 1349 700 quandoque
1380 650 1576 698 contingit
1593 643 1867 708 me‘ffieflgiffits'he

258 711 298 748 in
342 710 507 760 privatis
552 710 773 757 ordinibus,
826 723 905 747 non
949 709 1006 746 illi
1050 718 1141 746 sunt
1174 722 1244 758 per
1282 722 1322 746 se
1356 721 1476 745 causa
1509 710 1577 745 sed
1602 714 1714 748 speaks
1735 714 1857 742 ot'men

259 769 520 806 observancia
553 768 650 817 legis
685 769 760 805 dei.
799 769 891 804 Ideo
925 781 1018 805 ceca
1052 776 1109 804 est
1143 767 1364 813 evidencia,
1399 766 1430 803 si
1466 767 1579 803 multi
1619 748 1841 811 ἓξῖῗῑδῖξὲῗζῖξ

258 828 383 864 sancti
413 835 448 864 et
478 828 589 864 scioli
614 834 892 876 processerunt
923 839 974 863 ex·
1005 827 1087 863 istis
1119 826 1331 869 ordinibus,
1366 838 1459 873 ergo
1491 832 1578 861 sunt
1600 819 1868 881 mssfffficpffsrfggtlyss

207 887 458 922 xolaudandi.
500 887 742 931 Laudemus,
776 884 955 933 inquam,
989 884 1165 932 graciam
1200 884 1276 931 dei,
1311 883 1378 932 qui
1416 883 1456 920 in
1494 892 1576 919 tam
1619 888 1742 923 happen
1764 864 1838 916 evgl]

259 953 497 993 presumpto
549 944 728 992 periculo
779 942 1029 979 conservavit
1077 943 1133 979 sic
1179 942 1362 979 homines
1413 950 1578 990 propter
1615 931 1729 959 among
1749 924 1844 952 them.

260 1002 564 1039 observanciam
598 1002 694 1050 legis
727 1014 811 1037 sue.

318 1063 398 1097 Nec
431 1069 563 1109 potest
595 1059 754 1096 fundari
788 1060 896 1107 quod
929 1058 1165 1095 obediencia
1199 1057 1301 1104 talis,
1340 1066 1477 1094 votum
1519 1057 1579 1094 vel
1601 1061 1710 1101 3.·Th,<³
1732 1072 1799 1090 vow
1822 1064 1861 1100 by

260 1119 467 1168 professio,
502 1131 573 1167 per
605 1131 645 1155 se
677 1117 772 1154 facit
801 1118 851 1154 ad
875 1116 1167 1166 perfeccionem
1197 1125 1325 1152 status
1347 1116 1408 1152 vel
1433 1115 1576 1152 meriti.
1608 1098 1858 1169 nssgsstmciipyesaffit

208 1179 338 1214 &Sed
371 1177 404 1213 si
437 1189 480 1214 ex
513 1177 669 1213 cautela
702 1175 852 1212 diaboli
885 1175 1006 1212 faciat
1039 1176 1188 1211 bonum
1230 1175 1474 1223 quandoque
1507 1186 1578 1222 per
1620 1176 1689 1203 may
1711 1176 1784 1195 even
1806 1170 1845 1196 ‘³0

166 1239 223 1274 31¹²
261 1235 460 1280 accidens,
500 1235 541 1271 in
575 1234 718 1271 maiori
751 1243 864 1282 parte
897 1246 942 1270 ex
973 1233 1208 1269 inmixtione
1246 1232 1419 1269 stulticie
1452 1232 1546 1268 facit
1572 1203 1871 1284 'accidilffisiiyffor

181 1300 223 1331 K.
262 1294 426 1330 malum.
490 1296 605 1340 Nam,
659 1301 703 1328 ut
755 1294 872 1328 docet
923 1293 1115 1337 Thomas,
1176 1291 1353 1327 secunda
1404 1291 1577 1327 secunde
1622 1274 1840 1335 ξῗΞξΥῂζὲἓξῐῗὲ

261 1352 471 1401 questione
507 1352 596 1398 186,
636 1351 677 1387 in
716 1350 977 1399 religionibus
1016 1349 1092 1386 illis
1132 1350 1254 1386 homo
1293 1348 1495 1397 obligatur
1527 1349 1578 1384 ad
1648 1343 1810 1413 {Rssf'itgffossls}

262 1411 388 1447 multa
421 1411 492 1446 sub
531 1409 639 1458 gravi
679 1422 794 1457 pena,
840 1421 916 1457 que
962 1408 1230 1444 ommittendo
1275 1420 1357 1444 non
1396 1415 1581 1455 peccaret
1813 1399 1818 1405 ’

207 1484 248 1505 20
262 1469 359 1506 alias
382 1469 443 1505 vel
465 1467 685 1505 venialiter.
718 1467 817 1513 Quis
842 1479 936 1515 ergo
960 1466 1217 1502 difficultaret
1240 1478 1280 1502 se
1303 1465 1373 1502 tali
1397 1464 1580 1513 religioni

262 1526 547 1572 irracionabili,
583 1539 671 1562 cum
707 1534 841 1573 posset
873 1524 1044 1561 faciliter
1077 1533 1114 1561 et
1147 1524 1271 1561 libere
1306 1523 1478 1560 militare
1506 1524 1579 1559 sub

262 1585 474 1622 benedicta
518 1593 556 1621 et
600 1584 766 1620 omnino
811 1582 1049 1620 racionabili
1096 1582 1270 1630 simplici
1313 1583 1398 1630 lege
1436 1581 1580 1618 Cristi?

264 1643 456 1690 Quamvis
500 1642 606 1679 enim
652 1643 761 1688 deus,
808 1642 1044 1690 temptando
1090 1640 1286 1686 homines,
1333 1639 1503 1688 precipit
1544 1648 1581 1675 et
1640 1644 1735 1673 What
1757 1645 1825 1673 God

262 1703 357 1738 wult
389 1701 497 1749 ipsos
531 1700 672 1737 elicere
706 1713 865 1736 sensum
900 1709 936 1736 et
968 1699 1097 1736 visum
1134 1701 1183 1735 ad
1217 1711 1336 1747 quem
1371 1700 1467 1734 deus
1500 1710 1581 1733 non
1602 1681 1865 1751 Ξῗχᾞὲἓῃχῗῗέὴῗξ

208 1761 355 1798 25wult
378 1761 485 1808 quod
509 1758 585 1807 ipsi
610 1759 839 1806 compleant
862 1758 901 1794 in
926 1757 1067 1794 effectu
1091 1759 1148 1802 (ut
1172 1766 1280 1805 patet
1304 1758 1351 1793 de
1375 1757 1578 1792 Abraham
1608 1755 1637 1777 to
1660 1751 1695 1777 be
1715 1750 1795 1777 done
1817 1751 1855 1787 by

140 1813 225 1845 Gen.
264 1820 361 1855 Gen.
399 1822 463 1861 22)
503 1826 639 1854 tamen
678 1817 800 1853 nichil
840 1815 1010 1864 precipit
1048 1828 1121 1852 nec
1153 1816 1203 1851 ad
1243 1814 1396 1863 aliquid
1430 1814 1581 1861 obligat
1614 1790 1854 1847 wrcililrii'boescliw

114 1860 468 1913 XXH⁷¹hominem
503 1876 633 1912 facere
666 1874 742 1911 nisi
776 1876 883 1923 quod
915 1876 1009 1910 wult
1042 1875 1114 1910 sub
1150 1886 1253 1921 pena
1289 1872 1445 1921 peccati
1474 1872 1579 1917 fieri3
1614 1855 1859 1925 rgffilitHSg-y’essgn

265 1935 355 1983 quia
397 1934 513 1971 aliter
552 1933 688 1970 liceret
721 1955 774 1959 —
807 1945 900 1981 ymo
939 1933 1062 1968 homo
1096 1933 1258 1968 deberet
1290 1953 1347 1958 —-
1380 1930 1582 1966 declinare
1614 1925 1743 1961 disobey
1763 1926 1847 1953 Him.

267 1994 502 2029 mandatum
542 1991 713 2028 domini:
760 1990 894 2039 posito
933 1992 981 2027 de
1020 1990 1212 2026 blasfemo
1253 1988 1434 2038 possibili
1474 1989 1582 2037 quod

209 2058 250 2091 30
266 2053 362 2087 deus
394 2059 611 2099 occuparet
644 2062 801 2086 servum
835 2062 951 2085 suum
980 2048 1169 2085 continue
1192 2048 1322 2096 ipsum
1349 2048 1581 2083 mandando

265 2110 395 2146 facere
428 2110 536 2158 quod
567 2121 649 2145 non
678 2109 795 2144 debet
829 2106 928 2154 fieri,
962 2106 1074 2143 sicud
1107 2107 1215 2143 scola
1245 2104 1442 2143 anticristi
1467 2106 1583 2141 docet

335 2263 359 2282 2.
381 2255 623 2283 advencionibus
644 2255 677 2283 C.
752 2263 780 2288 4.
804 2254 966 2282 Anzhelmi
989 2255 1032 2286 A;
1060 2253 1210 2281 anshelmi
1233 2253 1273 2286 C;
1301 2260 1382 2279 corr.
1406 2259 1443 2278 ex
1463 2251 1584 2278 anshel-

267 2299 351 2317 mum
372 2290 435 2317 DE.
491 2290 515 2318 5.
538 2291 700 2326 religiosus
721 2298 811 2317 verus
832 2290 861 2317 in
877 2298 978 2325 marg.
1002 2289 1036 2316 C.
1093 2297 1119 2323 7.
1142 2296 1272 2324 persone
1294 2289 1348 2320 (pc)
1371 2288 1415 2320 A;
1442 2294 1523 2313 corr.
1546 2294 1584 2312 ex

268 2333 397 2360 persone
413 2326 448 2352 D.
522 2325 549 2360 8,
566 2334 593 2357 o.
617 2326 700 2352 mulli
723 2324 819 2352 sancti
843 2328 1060 2364 processerunt
1081 2333 1116 2350 ex
1137 2322 1315 2350 ordinibus*
1336 2330 1391 2356 pro
1412 2330 1480 2360 *quo
1508 2321 1583 2347 dens

266 2360 416 2393 laudetur,
445 2361 496 2387 sed
525 2357 618 2396 quare
645 2361 674 2386 in
702 2368 804 2396 marg.
826 2360 883 2398 ins.
906 2359 940 2387 C.
1047 2367 1080 2386 11.
1109 2363 1324 2394 presumptum
1354 2357 1525 2391 permulnm
1553 2356 1583 2382 in

266 2403 368 2430 marg.
385 2395 420 2423 C.
489 2395 523 2423 15.
546 2395 670 2430 dyaboli
691 2395 761 2428 DE3
783 2394 823 2422 ib.
845 2395 916 2421 lacit
937 2394 977 2427 C;
999 2402 1082 2421 corr.
1104 2401 1141 2420 ex
1161 2393 1251 2419 faciet
1273 2392 1333 2419 DE.
1405 2391 1443 2418 18.
1472 2391 1522 2418 108
1544 2391 1582 2423 B;

266 2431 306 2457 ib.
329 2430 490 2466 Obligacio
512 2435 656 2465 aggravat
677 2431 733 2456 sub
756 2437 833 2464 pena
854 2429 890 2456 ad
912 2437 945 2456 ca
966 2437 1024 2464 que
1040 2429 1115 2455 alias
1131 2432 1258 2462 possent
1274 2435 1334 2453 non
1352 2426 1412 2452 ficri
1432 2426 1461 2452 in
1478 2434 1581 2461 marg.

266 2473 331 2500 sup.
354 2466 387 2493 C.
454 2473 495 2505 19..
517 2465 709 2492 obmittendo
729 2465 795 2492 AC.
864 2472 909 2491 20.
932 2464 1025 2499 igitur
1046 2463 1079 2491 C.
1150 2470 1188 2489 21.
1212 2464 1284 2489 dum
1307 2461 1428 2493 ];(;1')E;
1451 2461 1489 2487 ib.
1511 2461 1584 2487 faci-

266 2500 333 2527 liter
360 2501 452 2527 libere
479 2508 508 2527 m
535 2508 636 2536 marg.
665 2500 699 2527 C.
808 2506 852 2526 22.
880 2499 934 2534 legi
952 2497 1026 2525 DE.
1132 2497 1175 2524 23.
1204 2505 1275 2532 crgo
1303 2497 1341 2529 133
1370 2495 1409 2522 ib.
1439 2496 1519 2530 preci
1548 2495 1582 2522 C.

267 2534 308 2561 25.
337 2536 388 2562 wlt
415 2535 478 2562 Cb.
599 2535 645 2561 26.
675 2543 729 2561 nec
750 2542 812 2569 ,vro
840 2534 931 2560 nichil
959 2533 1000 2565 E;
1031 2533 1071 2559 ih.
1099 2532 1180 2559 aliud
1209 2532 1247 2559 A.
1369 2538 1412 2565 27.
1441 2531 1492 2557 wlt
1518 2530 1581 2557 CD.

266 2572 311 2596 Ἦ.
332 2578 437 2606 ymmo
459 2569 492 2597 C.
573 2569 617 2597 30.
638 2569 815 2596 mandando
836 2568 939 2604 ipsum
962 2568 996 2595 C.
1075 2566 1113 2594 31.
1136 2568 1213 2593 sicut
1235 2565 1324 2593 CDE.

335 2664 368 2694 4.
400 2654 451 2684 De
482 2654 595 2685 Sancti
627 2653 783 2684 Anselmi
816 2651 1118 2690 Similitudinibus,
1158 2661 1176 2681 a
1207 2649 1303 2681 work
1338 2649 1382 2691 by
1420 2649 1581 2687 Eadmer,

268 2700 463 2742 professing
499 2706 535 2731 to
573 2699 615 2731 be
655 2700 827 2741 compiled
860 2698 950 2729 from
984 2704 1082 2729 notes
1115 2697 1215 2728 taken
1247 2696 1292 2738 by
1323 2695 1395 2726 him
1429 2697 1491 2726 “ex
1524 2705 1583 2725 ore

270 2748 306 2778 Β.
334 2747 370 2777 Ρ.
397 2746 587 2777 Anselmi'’.
632 2746 747 2777 There
779 2747 806 2776 is
839 2756 857 2776 a
892 2745 1032 2786 chapter
1064 2744 1221 2775 entitled:
1257 2742 1461 2774 Similitudo
1495 2742 1585 2772 inter

270 2794 474 2825 monachum
508 2797 541 2824 et
572 2795 717 2834 angelos
750 2798 781 2823 et
812 2793 921 2823 Deum
950 2792 1091 2832 (Mignc,
1118 2797 1140 2821 t.
1168 2790 1284 2828 CLIX,
1311 2799 1344 2830 p.
1371 2787 1451 2829 (250)
1481 2798 1583 2829 many

270 2839 387 2871 others
405 2846 466 2870 too
485 2839 598 2870 sound
619 2839 675 2870 the
694 2839 824 2880 praises
844 2838 883 2869 of
907 2838 1075 2868 monastic
1102 2836 1171 2867 life.
1272 2846 1321 2877 17.
1348 2836 1395 2866 St.
1414 2834 1583 2865 Thomas.

272 2887 420 2917 Summa
444 2886 558 2919 leeol.
587 2889 621 2916 25⁹
648 2888 692 2924 2³,
720 2896 778 2926 qu.
806 2885 1016 2924 CLXXXVI,
1044 2890 1104 2914 art.
1131 2893 1162 2926 (J,
1196 2893 1246 2913 ro.
