2067 3298
231 235 305 271 168
937 241 1162 274 JOHANle
1187 240 1374 272 WYCLIF
1658 238 1749 267 cAv.
1772 237 1819 265 xi.

512 349 570 386 Illi
603 349 708 386 enim
749 357 866 385 erunt
897 356 1093 397 perpetuo
1125 346 1237 396 ligati
1268 347 1329 383 vel
1361 346 1479 383 soluti
1511 345 1552 383 in
1584 346 1690 393 celis,
1731 359 1821 384 cum

512 417 596 445 tam
639 406 768 455 angeli
808 419 928 455 quam
973 404 1156 442 homines
1194 405 1301 442 beati
1340 405 1529 442 videbunt
1569 405 1674 442 clare
1712 405 1823 454 equi-

512 474 636 502 tatem
662 464 792 502 divine
815 464 1028 510 sentencie,
1051 473 1089 500 et
1107 465 1339 511 gaudebunt
1363 465 1410 499 de
1433 462 1516 499 eius
1540 463 1821 511 perpetuitate.

513 526 561 560 Et
592 522 647 559 sic
678 522 750 560 viri
790 522 999 570 apostolici
1038 521 1142 558 filios
1175 534 1267 558 suos
1301 521 1341 556 in
1374 520 1663 557 beatitudinem
1698 521 1823 558 intro-

514 583 671 627 ducent,
706 580 787 617 sive
821 579 1014 616 heremite
1037 579 1117 616 sive
1150 579 1354 627 simplices
1386 578 1466 616 sive
1500 580 1741 625 sacerdotes,
1777 583 1856 616 eof>

514 639 638 676 alcius
677 651 756 687 quo
796 637 996 686 copiosius
1034 647 1071 673 et
1110 637 1330 685 perfeccius
1369 637 1434 674 hic
1465 637 1824 685 predestinacionis

263 704 330 731 The
351 704 406 742 key
426 703 472 742 of⁸
515 696 615 733 filios
649 704 886 744 genuerunt.
933 696 1048 732 Unde
1081 696 1180 732 tales
1213 695 1253 731 in
1286 697 1404 732 Petro
1438 695 1564 743 ligant
1598 704 1634 732 et
1667 696 1824 732 solvunt

222 738 492 801 l-Slgianev11ecq1isntt11hqg
514 767 634 803 super
656 763 819 800 terram,
850 755 1013 802 quando
1039 755 1135 790 dant
1158 766 1269 790 arras
1291 753 1501 801 ligacionis
1524 754 1585 790 vel
1607 753 1824 790 solucionis

302 812 422 835 matter.
514 812 645 849 finalis
669 820 876 860 perpetue.
909 814 958 847 Et
991 812 1120 848 claves
1152 811 1263 859 regni
1287 821 1344 848 est
1368 820 1544 859 potestas
1567 812 1628 848 vel
1652 811 1825 848 sciencia

513 870 569 907 sic
587 869 749 907 arrandi
768 871 957 906 adversus
977 882 1075 918 quas
1093 878 1208 917 porte
1226 870 1345 918 inferi
1361 869 1641 917 (prescitorum
1659 878 1825 918 peccata
1846 884 1884 904 10

513 929 574 966 vel
617 928 982 977 predestinatorum
1023 929 1242 964 secundum
1294 937 1521 976 presentem
1565 927 1825 973 iniusticiam)
1852 919 1971 951 Matth.

514 999 586 1023 non
605 986 886 1036 prevalebunt;
917 985 1012 1034 quia
1044 994 1139 1022 tunc
1170 985 1361 1034 iniquitas
1384 985 1534 1023 diaboli
1556 985 1657 1022 foret
1680 985 1827 1022 forcior
1855 966 1958 1044 XYgI'

219 1050 291 1079 And
308 1051 500 1097 this⁴p0xyer
515 1044 578 1081 dei
600 1043 770 1082 iusticia.
796 1046 874 1080 Ista
899 1052 1034 1080 autem
1054 1043 1243 1092 operacio
1269 1043 1439 1080 clavium
1463 1057 1544 1081 non
1568 1043 1827 1092 consequitur

250 1085 357 1148 ἓξῃξξξ
375 1085 471 1147 ngeSct
516 1102 758 1139 eleccionem
797 1103 857 1139 vel
895 1101 1199 1139 ordinacionem
1240 1103 1460 1139 humanam
1500 1103 1546 1138 de
1586 1114 1827 1151 quocunque

250 1155 331 1182 from
355 1153 469 1182 Christ.
517 1163 698 1198 Romano
723 1159 925 1208 pontifice,
960 1161 1029 1196 sed
1061 1159 1365 1197 ordinacionem
1400 1160 1578 1198 divinam
1603 1161 1883 1197 secundum15

516 1231 640 1268 opera
672 1218 791 1255 Cristi
823 1217 963 1255 vicarii
994 1217 1185 1255 virtuosa.

221 1283 247 1310 It
266 1282 292 1309 is
314 1290 330 1309 a
346 1283 456 1317 heresy
469 1286 501 1308 to
574 1279 622 1313 Et
642 1285 753 1325 patet
771 1285 920 1325 quante
943 1276 1128 1312 diabolus
1150 1276 1303 1313 seduxit
1328 1277 1536 1324 populum,
1570 1275 1828 1313 subversione

231 1317 378 1379 ssgiiietrilglet
394 1324 496 1378 gxfreffiye
517 1334 649 1372 divine
681 1334 883 1372 sentencie
905 1334 946 1370 in
970 1336 1045 1371 hoc
1069 1334 1189 1371 dicto.
1225 1333 1432 1371 Construit
1461 1333 1565 1370 enim
1589 1333 1828 1371 Anticristus

228 1386 495 1449 iffocffilffss‘mffistss
516 1394 626 1441 quod
659 1392 853 1442 quicquid
885 1405 1075 1429 romanus
1098 1392 1275 1441 pontifex
1308 1392 1530 1429 sentenciat
1563 1393 1610 1429 de
1632 1405 1736 1440 pena
1769 1392 1829 1429 vel

295 1455 430 1484 Heaven.
516 1450 684 1499 premio,
718 1459 878 1498 oportet
911 1450 1077 1487 omnino
1100 1452 1209 1499 quod
1242 1450 1283 1486 in
1316 1450 1529 1487 celestibus
1564 1451 1827 1498 compleatur.
1845 1464 1886 1485 20

515 1511 564 1546 Et
588 1521 631 1546 ex
655 1510 729 1546 hac
752 1508 881 1545 heresi
904 1509 1090 1556 pululant
1122 1507 1330 1545 blasfemie
1362 1508 1530 1545 infinite.
1564 1507 1734 1555 Veritas,
1769 1508 1828 1545 in-

515 1580 652 1616 quam,
678 1576 735 1604 est
758 1568 866 1615 quod
889 1566 1119 1615 ubicunque
1141 1575 1339 1603 terrarum
1365 1566 1452 1615 quis
1478 1566 1595 1604 fuerit
1612 1579 1826 1604 conversus

515 1626 566 1662 ad
599 1626 731 1672 deum,
765 1624 846 1661 sive
870 1624 1023 1673 precise
1046 1637 1117 1673 per
1139 1626 1272 1671 deum,
1307 1624 1386 1662 sive
1409 1637 1480 1673 per
1503 1625 1722 1674 quemlibet
1746 1624 1829 1661 eius

516 1683 759 1729 ministrum,
793 1684 1155 1731 correspondentes
1188 1684 1237 1720 ad
1277 1683 1467 1719 meritum
1500 1683 1759 1732 participabit
1792 1691 1829 1720 et

246 1746 295 1774 All
318 1755 333 1773 a
359 1746 471 1773 ostolic
516 1741 685 1790 premio.
722 1740 828 1778 Viris
860 1750 995 1778 autem
1035 1741 1266 1789 apostolicis
1299 1740 1383 1777 sine
1416 1741 1655 1790 accepcione
1694 1753 1829 1790 perso-
1845 1745 1884 1778 25
1937 1746 1980 1777 Κ.

248 1781 483 1851 Ῑῃῗζψὲζεοέὴθ
515 1812 659 1836 narum
694 1799 891 1836 concessit
925 1801 1020 1836 deus
1039 1808 1279 1847 potestatem
1312 1799 1573 1836 subtrahendi
1607 1809 1644 1837 et
1667 1812 1830 1848 promo-

258 1850 386 1889 binding
405 1850 463 1877 and
513 1857 630 1895 vendi
656 1859 707 1894 ad
733 1856 842 1904 talia,
878 1859 973 1894 dum
1006 1866 1142 1894 tamen
1176 1857 1479 1894 conformantur
1507 1857 1639 1895 divino
1666 1857 1828 1905 iudicio,

297 1886 429 1920 loosmg,

223 1915 617 1990 butsffisscitsfgptasicut
650 1915 925 1952 conformatur
956 1915 1209 1964 triumphans
1243 1915 1423 1953 ecclesia.
1472 1918 1553 1953 Nec
1587 1917 1703 1953 debet
1741 1915 1829 1964 quis

262 1989 465 2025 ostentati0n3
515 1986 711 2022 pompare
750 1975 797 2010 de
832 1973 902 2010 tali
937 1974 1136 2022 potencia,
1180 1973 1274 2022 quia
1313 1973 1396 2010 eius
1450 1974 1612 2011 effectus
1657 1983 1715 2011 est
1754 1973 1828 2010 sibi

515 2031 786 2077 absconditus,
832 2044 923 2069 cum
963 2033 1059 2068 deus
1093 2041 1183 2068 ante
1215 2032 1276 2068 vel
1309 2041 1398 2080 post
1428 2033 1489 2069 vel
1524 2032 1829 2080 impertinentes
1845 2038 1887 2070 30

516 2089 766 2127 absolucioni
794 2091 968 2126 humane
991 2102 1081 2126 vere
1104 2089 1284 2127 absolvit.
1318 2091 1424 2136 Ideo,
1459 2099 1501 2127 ut
1524 2089 1620 2127 dicit
1653 2091 1827 2139 angelus,

516 2147 666 2184 thobie.
690 2157 750 2194 12,
786 2149 980 2184 absconsa
1013 2147 1318 2196 magnificencia
1350 2149 1528 2185 humana
1560 2157 1667 2185 totus
1699 2150 1829 2185 honor
1853 2130 1973 2209 gssb‘„

225 2210 455 2272 Shoflffldhggour
517 2207 635 2242 debet
667 2205 804 2254 patule
837 2206 923 2242 dari
957 2207 1045 2242 deo.
1096 2208 1143 2242 Et
1182 2205 1258 2242 ista
1290 2215 1347 2242 est
1379 2206 1583 2243 sentencia
1615 2206 1827 2255 Augustini
1920 2201 1927 2217 ⁹
1957 2201 1967 2218 s

299 2283 329 2305 to
351 2252 500 2306 Gocfiwen
517 2276 607 2300 cum
648 2263 735 2300 aliis
773 2263 935 2309 sanctis,
980 2263 1074 2300 licet
1111 2264 1234 2300 hodie
1273 2265 1321 2300 de
1354 2273 1553 2312 potestate
1586 2265 1757 2301 clavium
1792 2274 1828 2301 et

517 2321 747 2358 dimissione
779 2321 932 2370 peccati
964 2321 1119 2358 nimum
1154 2322 1423 2359 blasfemetur.
1844 2326 1883 2360 35

234 2380 491 2451 otglelsz'ssfflgfw
578 2379 621 2415 30
659 2378 935 2427 principaliter
979 2389 1201 2428 queruntur
1246 2379 1379 2417 dubia.
1428 2379 1563 2417 Primo
1608 2381 1640 2417 si
1681 2379 1828 2417 sufficit

238 2459 258 2478 1,
279 2451 308 2478 Is
328 2451 351 2478 it
370 2452 491 2486 enough
516 2437 719 2474 hominem
752 2437 882 2474 facere
905 2437 1187 2486 penitenciam,
1223 2439 1317 2474 dum
1350 2438 1469 2475 fuerit
1500 2438 1541 2474 in
1574 2438 1745 2475 mortali.
1780 2439 1828 2474 Et

228 2486 502 2548 vffissdsi'iiieffi‘tlgtee
517 2504 672 2533 constat
712 2496 821 2544 quod
860 2508 954 2543 non,
995 2508 1086 2533 cum
1127 2495 1295 2532 existens
1334 2496 1374 2532 in
1413 2496 1585 2543 mortali,
1631 2495 1828 2545 quidquid

236 2554 271 2582 of
288 2555 398 2582 mortal
420 2555 486 2583 sin?

583 2684 612 2708 4.
634 2683 705 2702 vere
724 2677 763 2703 A.
835 2676 859 2704 5.
879 2678 937 2711 3rd
956 2676 1020 2704 sive
1040 2676 1126 2704 deest
1142 2678 1181 2705 A.
1255 2685 1281 2712 7.
1303 2677 1407 2712 gen'nt
1427 2677 1492 2705 AC.
1567 2685 1594 2712 9.
1617 2682 1766 2713 perpetuo
1788 2679 1824 2705 A.

514 2718 556 2737 10.
569 2714 655 2745 parte
666 2711 710 2744 A;
725 2711 764 2738 ib.
776 2715 861 2746 parte
874 2710 980 2738 inferri
993 2711 1033 2745 C;
1048 2711 1086 2738 ib.
1101 2717 1297 2746 peccatorum
1309 2713 1347 2739 A.
1399 2720 1438 2746 17.
1452 2720 1505 2747 per
1518 2712 1752 2740 subversionem
1766 2712 1825 2740 BC.

515 2744 556 2771 18.
586 2749 687 2772 autem
718 2744 838 2773 Cristus
867 2746 906 2772 A.
1049 2753 1091 2774 22.
1122 2746 1191 2780 quis
1220 2747 1303 2774 deest
1330 2746 1371 2779 C;
1407 2748 1434 2774 ib
1474 2746 1562 2782 aster
1589 2747 1680 2774 fuerit
1710 2747 1761 2781 qui
1791 2746 1825 2775 C.

515 2778 558 2806 23.
587 2779 668 2814 quod
696 2781 740 2812 A;
768 2780 901 2815 quelibet
927 2780 961 2809 C.
1070 2780 1112 2808 25.
1140 2782 1291 2815 apostolis
1318 2781 1382 2809 AB.
1489 2781 1532 2816 25,
1561 2783 1607 2809 26.
1636 2790 1767 2817 persone
1793 2782 1824 2809 B.

515 2815 562 2841 26.
591 2814 774 2842 subarrandi
804 2815 835 2841 Β.
926 2823 972 2850 29.
994 2815 1119 2843 affectus
1140 2817 1179 2843 A.
1270 2815 1307 2843 31.
1330 2817 1565 2844 absolucionem
1593 2817 1762 2844 humanam
1784 2816 1823 2851 B;

513 2870 584 2901 post
603 2865 862 2895 absolucicionem
882 2875 952 2895 vere
972 2867 1007 2897 C.
1096 2866 1143 2896 36.
1164 2867 1246 2897 Nota
1271 2869 1303 2896 in
1322 2876 1423 2905 marg.
1444 2870 1482 2897 A.
1578 2859 1654 2904 375
1674 2854 1765 2896 [τιὸ-Η
1784 2869 1823 2897 A.
