2067 3298
263 243 336 278 158
978 249 1197 281 JOHANNIS
1226 249 1411 280 WYCLIF
1691 246 1780 275 CAP.
1800 247 1851 274 XI.

545 357 656 391 Nunc
688 363 826 390 autem.
874 355 1079 391 Confessio
1113 364 1246 391 autem
1281 355 1517 391 auricularis
1557 368 1636 391 non
1670 367 1713 391 ex
1746 365 1854 391 tanta

546 413 785 450 auctoritate
818 414 879 449 vel
912 412 1085 449 utilitate
1117 413 1261 461 legitur
1294 412 1547 460 processisse.

285 478 354 505 Itis
374 478 500 513 granted
604 473 715 515 Item,
750 479 791 506 ut
824 471 933 506 scola
967 470 1086 507 hodie
1120 471 1266 507 fatetur
1300 470 1567 516 concorditer,
1603 469 1854 506 meritorium

267 513 332 540 that
351 514 373 540 it
392 513 417 540 is
438 513 517 548 good
574 541 584 547 ἢ
638 528 644 534 ·
986 528 993 534 ·
1438 528 1445 534 .
1579 528 1584 533 .
1636 527 1643 533 .

270 553 301 575 to
321 549 443 575 confess
464 548 513 575 the
547 538 602 564 est
637 538 780 564 iterum
815 528 995 564 confiteri
1029 530 1167 564 eadem
1192 537 1356 576 peccata
1390 540 1515 564 eciam
1549 529 1725 574 dimissa,
1760 541 1856 576 quo-

307 582 475 633 same-sins
547 586 654 622 ciens
698 585 767 622 uni
808 586 1001 622 sacerdoti
1042 587 1103 622 vel
1141 586 1322 634 pluribus
1366 586 1512 622 fuerint
1556 586 1774 634 publicata,
1820 594 1856 621 et

255 618 370 645 several
391 622 480 644 tlmcs
501 622 531 644 10

325 652 465 679 different
547 645 622 680 hoc
668 643 874 691 potissime
919 653 1085 692 propter
1135 645 1404 680 verecundam
1453 643 1753 692 displicenciam
1809 645 1855 679 de

268 691 518 749 acssgffiffgfmsshe
546 701 734 737 comisso:
770 714 859 737 cum
895 714 988 749 ergo
1021 710 1131 738 tanta
1155 702 1215 738 vel
1240 701 1368 737 maior
1391 710 1522 749 potest
1546 713 1630 737 esse
1654 703 1856 749 pudorosa

307 761 470 818 ςὲἑξὲἑξὲῃ
546 759 805 807 displicencia
847 759 1027 807 pluribus
1068 759 1226 807 publice
1266 759 1509 806 confitendo,
1554 759 1710 795 videtur
1749 759 1856 794 iuxta

260 825 718 865 endurcd;if50,pr1mum
771 826 1051 864 argumentum
1099 819 1207 865 quod
1248 818 1394 853 nedum
1437 817 1589 853 licitum
1630 818 1697 853 sed
1740 816 1855 852 meri-

254 861 304 888 the
320 868 426 887 samea
454 860 529 894 plies
599 875 619 893 q-
760 887 770 893 ἧ
1003 875 1009 881 .
1100 875 1105 880 .
1159 875 1164 881 .
1555 874 1561 880 .
1670 874 1677 880 .
1803 874 1809 879 .

312 899 343 922 tO
364 894 467 933 pubjc
545 883 691 911 tonum
733 883 790 910 (ibt
829 875 1012 911 confiterl
1053 888 1222 911 Cslmlna
1268 887 1402 911 coram
1449 876 1601 910 multis:
1648 887 1703 911 SIC
1750 886 1854 910 ΕΠΙΠἸ

297 929 484 956 confession.
544 933 755 969 absolvunt
780 932 893 968 multi
917 942 953 969 et
977 933 1095 969 simul
1120 934 1286 969 eandem
1306 945 1517 980 personam
1534 932 1613 969 iam
1640 941 1854 978 mortuam,

545 999 581 1026 et
620 1002 690 1038 per
735 1003 985 1039 consequens
1030 991 1122 1027 licet
1162 990 1215 1027 eis
1260 991 1380 1027 simul
1422 991 1461 1026 in
1513 1003 1605 1026 casu
1651 990 1856 1027 absolvere

277 1057 348 1085 And
370 1057 396 1084 if
413 1064 505 1092 many
542 1048 621 1084 iam
656 1048 867 1085 viventem.
914 1049 1003 1085 Sive
1038 1049 1143 1084 enim
1176 1061 1247 1096 per
1281 1050 1444 1085 modum
1487 1047 1743 1084 diffinicionis
1776 1047 1855 1083 sive

260 1096 518 1161 112¹}{1‘s2fflssmag'
543 1119 613 1154 per
638 1107 802 1142 modum
827 1106 1053 1154 rogacionis
1077 1106 1343 1154 processerint
1377 1106 1490 1142 multi
1530 1107 1756 1142 sacerdotes
1790 1107 1856 1141 ab-

261 1162 384 1223 aig‘sgffig
405 1169 517 1223 ΞἛΞΞᾈ
543 1165 734 1201 solvendo
768 1173 987 1208 mortuum,
1022 1173 1134 1200 tanta
1163 1165 1223 1200 vel
1257 1164 1386 1200 maior
1418 1164 1526 1200 racio
1560 1172 1617 1200 est
1650 1164 1705 1200 sic
1738 1163 1856 1199 simul

266 1239 347 1266 man,
369 1231 440 1269 they
459 1238 514 1257 can
543 1223 748 1258 absolvere
781 1222 859 1258 iam
894 1222 1104 1259 viventem.
1138 1225 1223 1270 Ipse
1258 1221 1363 1258 enim
1398 1221 1585 1270 capacior
1619 1231 1675 1257 est
1706 1222 1857 1257 fructus

288 1266 327 1293 do
349 1274 382 1292 so
404 1268 451 1293 tor
471 1273 486 1292 a
603 1280 609 1285 ·
835 1279 841 1285 ·
907 1280 913 1285 -
1235 1280 1240 1285 -
1331 1280 1336 1285 -
1820 1279 1826 1284 ·

254 1301 349 1336 living
369 1309 439 1327 man
463 1305 525 1327 too.
542 1280 632 1316 talis
666 1280 949 1327 absolucmnis,
997 1293 1087 1316 cum
1128 1281 1263 1316 multis
1303 1281 1460 1316 videtur
1499 1281 1605 1328 quod
1651 1280 1855 1315 absolucio

542 1337 621 1374 iam
664 1337 813 1374 mortui
853 1351 931 1386 quo
971 1340 1021 1374 ad
1055 1338 1301 1374 delecionem
1344 1337 1522 1374 criminis
1563 1346 1670 1374 caret
1710 1338 1854 1374 fructu.

266 1405 336 1432 And
358 1405 383 1432 if
400 1405 513 1432 severa]
600 1397 765 1443 Insuper
787 1395 945 1432 videtur
977 1397 1086 1444 quod
1117 1395 1219 1431 sicut
1248 1395 1340 1432 licet
1363 1395 1543 1443 pluribus
1581 1395 1855 1431 sacerdotibus

253 1441 527 1510 lissffssgassfflj'sshssy
542 1453 660 1489 simul
694 1454 897 1489 absolvere
931 1453 1010 1489 iam
1044 1453 1254 1500 viventem,
1295 1453 1351 1489 sic
1388 1453 1479 1489 licet
1519 1453 1594 1489 sibi
1627 1453 1747 1489 simul
1779 1453 1855 1488 illis

282 1509 498 1571 Οὲἒηξὲὲξοῑέῑὸ
542 1511 728 1547 omnibus
762 1511 964 1557 confiteri,
1009 1511 1103 1560 quia
1135 1511 1250 1547 aliter
1282 1510 1488 1547 absolucio
1520 1511 1621 1547 foret
1655 1510 1856 1558 indignior

542 1578 706 1617 propter
722 1569 1011 1605 confessionem
1029 1569 1262 1605 huiusmodi
1287 1581 1330 1605 ex
1346 1568 1489 1605 maiori
1504 1569 1658 1605 fervore
1676 1568 1854 1604 caritatis

542 1628 804 1673 transfusam3
829 1636 865 1663 et
885 1626 1016 1663 dicere
1035 1628 1142 1675 quod
1161 1626 1346 1663 illusione
1365 1626 1639 1663 irracionabili
1664 1627 1855 1662 fundatur

542 1684 722 1729 ecclesia,
740 1685 840 1721 foret
856 1684 1067 1733 episcopos
1082 1697 1283 1723 accusare.
1296 1684 1407 1721 Sicut
1423 1697 1514 1733 ergo
1529 1685 1621 1721 licet
1635 1684 1854 1720 successive

542 1745 726 1790 detegere
751 1744 918 1779 eandem
941 1743 1230 1779 confessionem
1259 1742 1393 1779 multis
1416 1742 1646 1791 presbiteris
1666 1745 1719 1789 (et
1737 1742 1792 1778 sic
1816 1742 1855 1778 in

542 1813 636 1837 casu
654 1800 864 1837 notificare
888 1802 1055 1837 eandem
1076 1802 1235 1849 culpam
1255 1801 1365 1837 omni
1386 1800 1567 1846 homini),
1593 1800 1647 1836 sic
1667 1809 1703 1836 et
1722 1800 1852 1835 simul.

324 1866 450 1903 Wyclif‚
603 1858 675 1894 Hic
707 1858 864 1894 videtur
898 1858 995 1894 mihi
1028 1860 1137 1907 quod
1170 1872 1242 1906 pro
1275 1867 1418 1894 neutra
1457 1867 1570 1906 parte
1604 1867 1660 1894 est
1693 1870 1855 1906 genera-

254 1903 468 1964 ἀθείἰξοζζθζξζξ
489 1946 527 1964 no
542 1915 633 1952 liter
666 1917 950 1964 regulandum3
987 1917 1080 1964 quia
1113 1918 1207 1952 dum
1243 1916 1437 1952 confitens
1461 1917 1508 1952 de
1532 1916 1703 1952 comisso
1729 1915 1854 1963 magis

254 1972 527 2034 gggeffildsfflfwcrjss
544 1974 763 2010 conteritur
809 1983 845 2010 et
886 1974 1013 2010 maius
1053 1974 1275 2010 remedium
1316 1974 1532 2023 apponitur
1578 1976 1625 2010 de
1670 1973 1854 2010 cavendis

254 2040 322 2067 The
348 2041 420 2076 only
443 2031 718 2080 pointpeccatis
751 2032 895 2068 futuris
935 2033 996 2068 vel
1037 2033 1084 2067 de
1118 2032 1298 2080 possibili
1339 2032 1607 2078 comittendis,
1658 2033 1704 2067 de
1743 2040 1854 2067 tanto

253 2076 529 2145 ξξῗξξξέξζῇῗζὲἶ
544 2098 600 2126 est
636 2090 835 2126 confessio
868 2090 1124 2136 laudabilior,
1159 2090 1239 2126 sive
1272 2090 1377 2126 facta
1410 2089 1527 2126 fuerit
1560 2089 1633 2126 soli
1668 2091 1742 2125 deo
1776 2089 1855 2125 sire

254 2144 529 2216 {fietl}‡³1tgg¹s1iittg}¹1c}aef
544 2148 618 2183 deo
652 2156 688 2183 et
724 2147 910 2183 militanti
952 2148 1128 2193 ecclesie,
1170 2148 1403 2184 abscondite
1441 2148 1501 2183 vel
1541 2155 1690 2195 aperte.
1737 2149 1785 2182 Et
1824 2146 1855 2182 si

262 2214 439 2249 comsition,
462 2216 520 2242 and
544 2205 699 2241 dicatur
737 2207 846 2254 quod
885 2205 959 2241 ista
997 2206 1199 2242 sentencia
1232 2219 1311 2242 non
1345 2214 1538 2242 consonat
1570 2205 1646 2253 legi
1677 2204 1854 2249 ecclesie,

254 2249 691 2318 theaffgeasitngssngedydicitur
726 2275 769 2298 ex
801 2263 879 2299 fide
921 2265 1029 2311 quod
1070 2273 1264 2300 consonat
1298 2263 1442 2309 Cristo,
1489 2263 1582 2311 quia
1627 2262 1780 2298 racioni
1821 2272 1856 2298 et

254 2353 282 2380 If
299 2319 388 2380 thrissla
403 2327 456 2380 osees'
476 2358 529 2380 not
544 2320 712 2356 ecclesie
736 2320 1013 2369 triumphanti.
1048 2323 1097 2357 Et
1127 2321 1158 2357 si
1183 2321 1340 2358 dicatur
1363 2321 1593 2357 discordare
1616 2322 1664 2356 ab
1690 2319 1855 2356 ecclesia

301 2396 389 2423 agree
408 2389 482 2415 with
545 2378 745 2424 militanti,
780 2388 959 2427 superest
992 2380 1208 2425 declarare,
1249 2379 1391 2427 primo,
1427 2380 1534 2427 quod
1567 2378 1624 2414 illi
1658 2391 1679 2414 a
1713 2378 1855 2426 quibus

271 2423 506 2491 ,ξξξῖιῆῗῗᾏξξιὸ
545 2436 761 2483 discordat,
807 2446 897 2472 sunt
929 2448 1023 2473 vera
1056 2437 1241 2481 ecclesia;
1290 2441 1334 2472 20
1369 2438 1476 2485 quod
1508 2436 1564 2472 illi
1597 2449 1677 2472 non
1709 2436 1749 2471 in
1781 2436 1855 2472 isto

256 2492 478 2554 Withctiiiistaw
499 2493 692 2540 Oferrant,
727 2496 795 2530 sed
828 2494 868 2530 in
901 2496 977 2531 hoc
1010 2494 1294 2531 fundacionem
1320 2494 1483 2542 capiunt
1517 2507 1539 2530 a
1571 2494 1787 2542 scriptura;
1820 2502 1856 2529 et

291 2560 397 2588 Those
417 2562 487 2588 who

254 2596 354 2630 object
366 2600 396 2622 to
411 2596 433 2623 it
448 2601 531 2623 must

262 2631 349 2657 show
370 2631 435 2657 that
454 2632 485 2658 th
519 2640 524 2649 ,
617 2624 635 2643 1.
665 2616 791 2651 prodest
818 2617 841 2643 si
868 2616 1041 2643 confitearis
1068 2617 1098 2643 in
1126 2625 1227 2647 marg.
1257 2617 1287 2643 Β.
1386 2617 1409 2644 5.
1432 2616 1575 2650 replicata
1596 2617 1628 2643 Β.
1720 2616 1747 2642 6.
1774 2623 1856 2642 vere-

490 2640 519 2666 e)
544 2651 688 2677 cundiam
715 2653 754 2677 A.
868 2660 893 2685 7.
922 2651 1013 2685 igitur
1040 2650 1080 2681 C:
1114 2652 1151 2678 ib.
1180 2645 1306 2686 pudo'sa
1334 2653 1371 2678 A.
1487 2659 1528 2678 10.
1557 2651 1686 2677 crimina
1712 2651 1797 2677 cleesl
1824 2650 1854 2676 Β.

545 2694 578 2712 11.
600 2686 764 2712 absolvunt
784 2685 868 2712 deest
882 2686 920 2719 133
942 2685 980 2712 ib.
1004 2690 1031 2712 et
1050 2686 1132 2712 deest
1146 2686 1177 2712 B.
1253 2695 1293 2719 14Α
1317 2694 1369 2720 per
1391 2685 1518 2712 modum
1541 2685 1625 2712 deest
1637 2687 1673 2712 A.
1750 2686 1789 2711 10.
1812 2689 1856 2710 cst

543 2720 625 2747 deest
646 2721 683 2747 A.
758 2728 796 2753 17.
819 2725 919 2747 tamen
941 2720 1003 2747 ΑΒ.
1080 2728 1122 2747 22.
1143 2721 1262 2747 fervore
1283 2721 1326 2753 A3
1355 2720 1474 2747 fervore
1499 2720 1607 2746 maiori
1630 2720 1664 2747 C.
1738 2727 1783 2751 24.
1806 2719 1856 2745 bic

544 2755 636 2788 igitur
657 2755 691 2782 C.
799 2762 842 2789 27.
864 2755 963 2789 inquit
978 2763 1040 2790 pro
1061 2755 1135 2782 mihi
1158 2755 1191 2783 C.
1300 2754 1345 2782 36.
1369 2760 1398 2781 20
1420 2759 1558 2789 superest
1578 2755 1645 2784 AB:
1672 2754 1730 2782 Sed
1755 2753 1855 2787 primo

544 2794 684 2823 superest
704 2790 857 2816 declax-are
878 2790 980 2824 primo
1001 2789 1035 2817 C.
1110 2789 1153 2816 38.
1177 2798 1211 2816 ex
1229 2798 1289 2824 pro
1311 2798 1326 2816 a
1347 2789 1379 2816 Β.

620 2872 644 2891 1.
672 2861 770 2891 Decr.
799 2861 890 2892 Grat.
923 2864 953 2891 1³
988 2862 1080 2901 Pars,
1109 2862 1192 2892 Dist.
1218 2862 1304 2900 XXI,
1331 2871 1358 2891 6.
1386 2871 1416 2902 7.

1877 888 1914 908 10

1877 1166 1913 1198 15

1875 2324 1911 2355 ³5
