2067 3298
155 233 201 268 32

218 353 349 386 Feariug

155 390 296 424 idolatry,
317 387 414 420 Peter,

210 425 280 451 Paul
303 421 362 449 and

204 458 370 489 Barnabas,

151 494 270 523 refused
288 497 319 520 to
334 492 423 518 allow

163 531 299 557 honours
319 531 350 553 to
372 527 406 552 be

174 564 244 599 paid
265 567 296 589 to
317 562 398 588 them

151 599 225 626 until
243 598 294 624 the
315 596 423 632 people

151 642 229 661 were
243 630 421 660 instructed.

151 996 205 1022 But
226 994 251 1021 if
268 993 316 1020 the
336 993 418 1026 Pope

186 1033 289 1056 exacts
311 1028 385 1054 such

163 1065 301 1091 honours
320 1067 352 1089 to
375 1062 409 1088 be

183 1099 252 1134 paid
274 1103 304 1124 to
325 1097 388 1123 him

149 1133 334 1169 personally,
349 1132 419 1158 both

195 1170 231 1196 he
252 1168 309 1194 and
334 1167 379 1193 his

156 1203 350 1237 worshipper
374 1209 423 1228 are

212 1238 308 1272 guilty
328 1236 362 1263 of

211 1273 353 1307 idolatry.

158 1459 225 1486 The
246 1458 310 1485 first
329 1456 415 1490 thing

150 1494 175 1521 is
195 1498 225 1520 to
247 1491 415 1520 disburden

192 1529 241 1555 the
262 1526 385 1555 Church

180 1565 259 1590 from
283 1562 390 1589 riches.

178 1749 244 1776 The
266 1747 397 1781 xvealthy

196 1790 309 1816 among„y
329 1783 378 1808 the

166 1819 266 1853 clergy
290 1814 399 1842 should

179 1851 398 1884 ackuowledge

163 1888 228 1914 that
248 1887 297 1913 the
318 1893 406 1920 poor,

174 1923 198 1949 if
216 1925 355 1948 servants
376 1919 411 1947 of

194 1956 274 1990 God,
295 1955 391 1989 ought

229 1996 260 2018 to
281 1991 357 2017 have

159 2024 366 2053 wherewithal
389 2028 419 2050 to

192 2069 277 2088 serve
299 2059 382 2086 Him.

152 2107 275 2135 &Vealth
296 2107 424 2143 lesse-ns7

203 2141 321 2169 instead
343 2142 374 2166 ot

160 2176 343 2210 inereasing,
365 2174 415 2201 the

151 2212 301 2239 influence
325 2210 359 2236 of
376 2209 425 2235 the

193 2244 382 2282 priesthood.

881 235 1105 267 JOHANNIS
1132 235 1316 267 WYCLIF
1602 232 1690 260 CAP.
1712 233 1748 260 II.

1798 295 1871 324 Act.

439 341 638 377 invenitur
676 341 715 376 in
755 342 846 377 aula
885 341 993 388 regia
1033 342 1100 377 sed
1142 341 1181 376 in
1226 342 1347 377 domo
1387 353 1563 388 symonls
1602 341 1750 389 leprosi
1766 341 1819 379 IX,
1837 340 1900 380 433

439 398 621 435 corriarii
654 398 761 435 iuxta
794 411 954 447 aquam,
994 407 1037 434 ut
1076 407 1184 446 patet
1216 400 1302 435 Act.
1334 411 1392 434 10.
1440 400 1577 435 Petrus
1617 407 1750 435 autem
1795 387 1824 417 X
1851 385 1870 416 s'

437 457 543 493 venit
583 456 802 501 humiliter,
843 469 925 493 non
965 465 1148 505 equester
1187 469 1276 492 cum
1317 465 1553 504 sumptuosa
1586 456 1750 503 familia,

438 516 506 551 sed
540 516 735 563 pedester.
782 516 953 559 Quando
999 524 1131 551 autem
1173 515 1398 559 CorneliuS,
1444 514 1657 562 procidens
1701 516 1751 550 ad

438 574 558 620 pedes
583 573 700 619 Petri,
735 572 864 608 oravit
897 584 1001 619 eum,
1036 572 1132 608 dixit
1163 574 1303 608 Petrus
1336 581 1552 621 postquam
1587 572 1785 608 elevavit5

439 643 548 667 eum:
589 631 693 681 Ego,
727 629 869 678 inquit,
905 630 985 679 ipse
1017 631 1129 666 homo
1162 642 1245 665 sum
1280 630 1378 666 sicut
1415 637 1450 665 et
1487 637 1538 665 tu.
1579 632 1626 666 Et
1658 643 1752 666 con-

438 688 620 724 formiter
642 688 820 724 fecerunt
844 688 989 723 Paulus
1013 696 1050 724 et
1073 689 1292 735 Barnabas,
1316 696 1359 723 ut
1382 687 1527 734 legitur
1551 697 1626 724 act.
1658 701 1718 733 14.
1745 684 1748 740 l
1793 691 1850 724 35²²

439 747 610 792 Quando
655 754 789 782 autem
835 754 1030 782 noverunt
1069 746 1263 794 populum
1304 745 1344 780 in
1390 745 1466 781 fide
1510 745 1750 781 instructum
1802 739 1875 768 Act.

438 805 644 852 quomodo
673 803 825 840 Cristus
859 812 916 839 est
950 812 1070 851 caput
1102 803 1230 840 tocius
1264 803 1441 849 ecclesie,
1477 812 1513 839 et
1546 805 1752 851 quomodo
1793 784 1881 815 XIV‘

438 875 518 898 non
550 863 666 898 debet
700 862 829 897 honor
861 861 1040 909 impendi
1073 861 1238 909 prelatis
1272 861 1369 907 eius,
1407 861 1483 897 nisi
1517 863 1563 897 de
1602 870 1753 910 quanto
1774 875 1812 896 10

440 919 569 956 Cristo
607 919 856 967 impenditur
894 919 933 955 in
978 919 1169 955 membris
1213 919 1307 965 suis,
1353 927 1448 954 tunc
1493 928 1756 967 susceperunt

440 979 636 1014 honorem
676 976 882 1013 humiliter
922 990 1012 1013 cum
1051 977 1207 1013 timore.
1254 978 1371 1023 Quod
1404 977 1435 1012 si
1467 990 1573 1025 papa
1605 977 1756 1013 nesciat

440 1037 548 1084 quod
581 1035 630 1072 sit
664 1036 890 1071 membrum
926 1035 1091 1071 ecelesie
1126 1044 1162 1071 et
1191 1044 1326 1071 tamen
1350 1035 1478 1083 exigat
1501 1034 1586 1071 fieri
1610 1048 1754 1083 appro-

439 1093 568 1141 priate
601 1093 688 1138 sibi,
724 1101 763 1128 ut
795 1093 877 1137 sihi,
911 1095 1083 1129 honores
1116 1093 1316 1139 insolitos;
1351 1093 1439 1141 quis
1472 1093 1630 1129 dubitat
1658 1093 1755 1142 quin

439 1151 489 1187 sit
534 1151 750 1187 blasfemus
794 1152 990 1199 ydolatra,
1037 1151 1148 1187 sicud
1194 1160 1232 1187 et
1275 1164 1448 1199 persona
1492 1151 1625 1187 taliter
1664 1154 1812 1187 eum15

439 1209 597 1246 colens?
641 1208 736 1257 quia
780 1211 1002 1245 secundum
1037 1209 1240 1245 racionem
1286 1210 1426 1246 falsam
1459 1208 1615 1245 veritati
1663 1211 1756 1257 (que

439 1267 593 1304 Cristus
623 1270 695 1312 est)
719 1267 977 1314 contrariam,
1012 1267 1120 1313 colit,
1155 1276 1199 1303 ut
1228 1267 1295 1313 sic,
1332 1268 1558 1303 membrum
1581 1266 1754 1313 luciferi3

439 1325 546 1374 quia,
605 1324 637 1361 si
688 1337 827 1361 omnes
880 1325 1022 1373 prelati
1074 1325 1201 1361 nostri
1257 1334 1492 1373 respuerent
1544 1325 1755 1361 blasfemos

439 1385 624 1429 honores,
659 1384 759 1419 bene
793 1392 895 1419 esset
928 1382 1093 1419 ecclesie
1126 1385 1174 1419 ab
1207 1383 1405 1430 ydolatria
1438 1392 1666 1431 expurgate.

499 1441 617 1486 Quod
669 1453 750 1476 non
801 1440 876 1476 erit
924 1450 1142 1489 antequam
1194 1450 1407 1477 exonerata
1451 1441 1570 1477 fuerit
1616 1440 1754 1477 mundi
1773 1453 1814 1474 20

440 1498 609 1535 diviciis.
657 1500 706 1534 Et
751 1498 960 1535 inferiores
1004 1498 1137 1535 clerici
1177 1500 1367 1535 habentes
1408 1500 1455 1534 de
1495 1498 1661 1545 diviciis,
1708 1500 1755 1534 de

441 1555 622 1603 decimis,
666 1557 727 1592 vel
766 1556 852 1592 aliis
892 1556 1111 1593 elimosinis
1150 1557 1255 1593 ultra
1293 1557 1369 1593 vite
1414 1557 1651 1603 necessaria,
1698 1569 1756 1592 re—

441 1623 685 1662 cognoscant
703 1614 743 1650 in
758 1615 1208 1662 superhabundantibus
1227 1614 1456 1651 elemosinis
1479 1623 1515 1651 et
1530 1614 1756 1662 specialiter

440 1672 482 1709 in
515 1672 680 1708 decimis
713 1685 753 1708 se
787 1684 869 1708 esse
892 1681 1177 1720 procuratores
1200 1685 1424 1721 pauperum
1450 1686 1531 1709 non
1554 1672 1753 1709 dominos.
1815 1699 1869 1729 PS-

442 1733 542 1767 Cum
585 1730 691 1766 enim
725 1731 870 1766 domini
899 1738 954 1766 est
991 1738 1098 1766 terra
1138 1738 1174 1767 et
1206 1731 1407 1779 plenitudo
1446 1731 1536 1774 eius,
1576 1730 1757 1779 sequitur
1775 1744 1895 1783 XXffl,

441 1788 754 1824 demonstrative
789 1788 985 1834 fidelibus,
1019 1789 1128 1836 quod
1162 1789 1258 1824 deus
1280 1789 1373 1825 wult
1396 1788 1621 1837 cuicunque
1645 1801 1755 1825 servo
1834 1802 1843 1821 1

440 1859 512 1882 suo
546 1848 593 1882 de
627 1846 741 1882 bonis
779 1846 860 1882 suis
900 1846 1020 1882 dividi
1059 1855 1179 1894 prout
1210 1859 1310 1894 opus
1345 1856 1401 1883 est
1441 1846 1649 1883 serviendo
1683 1848 1756 1883 deo

441 1903 573 1940 debite
612 1905 662 1940 ad
704 1903 988 1952 implecionem
1023 1904 1081 1940 sui
1115 1904 1255 1941 officii:
1302 1913 1411 1952 patet
1450 1917 1494 1941 ex
1533 1905 1608 1941 hoc
1647 1905 1756 1952 quod

441 1962 556 1998 aliter
607 1963 703 1997 deus
760 1974 840 1998 non
900 1971 1001 1998 esset
1050 1962 1205 2010 primus
1256 1962 1547 2010 paterfamilias
1600 1974 1757 1998 summe

440 2019 580 2057 iustus,
613 2021 661 2055 Et
693 2019 792 2055 illud
826 2019 1070 2067 principium
1094 2020 1365 2057 consideraret
1397 2020 1586 2068 prelatus,
1620 2019 1756 2056 videns
1774 2032 1814 2054 »ο

441 2086 637 2126 quantum
671 2077 957 2125 temporalium
993 2078 1276 2114 habundancia
1316 2079 1489 2126 adauget
1521 2078 1595 2114 sibi
1629 2090 1758 2114 sacer-

441 2135 544 2171 dotis
583 2135 762 2171 officium
807 2136 913 2171 ultra
957 2136 1181 2184 apostolos;
1228 2144 1265 2172 et
1312 2148 1415 2184 equa
1459 2137 1573 2172 lance
1617 2144 1756 2172 notata

440 2193 604 2239 videret,
652 2195 859 2241 quomodo
904 2206 985 2229 non
1030 2203 1148 2241 auget
1193 2195 1261 2230 sed
1306 2193 1450 2229 minuit
1490 2193 1756 2229 ministerium

439 2251 677 2296 sacerdotis;
723 2263 793 2299 per
837 2252 912 2287 hoc
951 2251 1056 2287 enim
1102 2252 1228 2299 magis
1269 2253 1434 2296 mundo,
1478 2251 1675 2299 voluptati
1721 2260 1758 2287 et

440 2308 713 2345 dominacioni
745 2308 967 2345 intenditur
1001 2318 1037 2345 et
1070 2310 1118 2345 de
1150 2308 1284 2346 officio
1319 2311 1426 2358 quod
1455 2309 1606 2346 Cristus
1640 2308 1757 2357 exigit
1773 2311 1812 2345 25

512 2486 531 2504 1.
554 2477 667 2511 leprosi
689 2477 773 2504 deest
792 2477 887 2504 ADE.
979 2485 1004 2503 2.
1027 2477 1149 2504 coriarii
1172 2477 1204 2504 E.
1303 2476 1328 2504 3.
1350 2477 1433 2504 venit
1453 2477 1482 2504 in
1504 2486 1603 2513 marg.
1625 2478 1697 2505 add.
1719 2479 1756 2506 D.

440 2512 463 2539 5.
486 2512 565 2538 unde
606 2520 641 2539 ro
662 2521 743 2539 eum.
800 2512 827 2539 ὁ.
849 2512 915 2553 Ego
936 2512 1017 2539 enim
1038 2513 1082 2546 A;
1103 2512 1141 2538 ib.
1164 2513 1229 2546 ipse
1251 2512 1349 2547 inquit
1370 2512 1437 2545 CE;
1459 2512 1496 2538 ih.
1518 2513 1613 2539 homo
1633 2513 1699 2546 ipse
1719 2513 1755 2540 D.

441 2554 466 2580 7.
490 2546 519 2573 18
540 2546 563 2573 C
595 2568 600 2572 .
693 2554 720 2581 9.
743 2546 842 2583 capud
865 2548 899 2574 L.
993 2555 1026 2573 11.
1049 2548 1145 2573 nescit
1167 2555 1245 2581 papa
1268 2548 1291 2573 si
1315 2547 1489 2573 membrum
1512 2547 1638 2574 ecclesie
1659 2552 1705 2574 est
1726 2548 1755 2574 in

441 2588 541 2616 marg.
558 2581 591 2607 (Ξ.
649 2580 686 2607 15.
703 2581 781 2608 sicut
796 2581 858 2607 DE.
917 2589 955 2616 17.
972 2586 1017 2607 est
1031 2581 1153 2608 Cristus
1169 2586 1214 2607 est
1229 2581 1271 2613 D;
1287 2581 1324 2607 ih.
1342 2581 1380 2607 sit
1393 2589 1451 2615 pro
1468 2581 1511 2608 sic
1526 2581 1559 2609 C.
1618 2582 1656 2608 18.
1674 2582 1755 2616 quod

438 2623 498 2649 pro
519 2616 589 2650 quia
610 2615 735 2642 ACDE:
763 2616 801 2642 ib.
825 2616 920 2642 nostri
943 2616 1049 2650 prelati
1071 2615 1139 2643 CE:
1170 2616 1207 2641 ih.
1231 2616 1429 2650 blasphemos
1451 2615 1483 2642 E.
1571 2625 1611 2652 19.
1634 2616 1755 2643 dotacio

441 2650 471 2676 in
492 2657 594 2685 marg.
616 2650 649 2677 C.
748 2658 793 2676 20.
815 2650 906 2676 tuerit
927 2650 1113 2676 exhonerata
1134 2650 1175 2683 (23
1205 2650 1295 2677 fuerit
1315 2655 1479 2677 exonerata
1499 2650 1562 2677 DE.
1660 2658 1698 2677 21.
1721 2651 1756 2677 dc

442 2684 562 2711 diviciis
583 2684 668 2711 deest
686 2684 807 2711 ACDE.
929 2692 972 2711 22.
995 2685 1173 2711 elemosinis
1194 2684 1283 2711 (ΖΒΕ.
1404 2684 1446 2712 23.
1469 2685 1698 2712 habundatibus
1719 2685 1755 2712 D.

442 2759 487 2791 234.
509 2757 710 2794 procuatoues
730 2754 768 2780 A.
865 2754 911 2780 26.
934 2736 1033 2792 dentive
1054 2753 1121 2786 CE;
1148 2753 1186 2779 ib.
1211 2753 1372 2788 vnicuique
1393 2754 1454 2781 (ΣΕ.
1517 2788 1521 2792 ι
1554 2761 1598 2787 27.
1621 2754 1689 2781 dedi
1711 2755 1755 2787 A;

442 2787 479 2813 lb.
501 2787 635 2813 timendo
657 2787 690 2814 (,.
771 2786 815 2814 28.
837 2795 908 2822 quia
929 2787 996 2821 Ch3
1025 2796 1106 2815 corr.
1129 2796 1166 2814 ex
1187 2788 1268 2823 quod
1294 2789 1326 2814 Ι).
1408 2795 1454 2818 20.
1477 2797 1596 2823 primus
1616 2788 1702 2815 deest
1720 2789 1754 2816 C.

442 2820 487 2847 30.
509 2821 729 2856 consyderaret
748 2822 784 2848 D.
858 2820 896 2848 31.
919 2822 1075 2857 adaugens
1096 2822 1190 2855 ssCD3
1214 2823 1253 2849 ib.
1276 2822 1333 2849 sibi
1354 2819 1444 2850 deesi.
1519 2822 1561 2850 32.
1585 2824 1663 2850 ultra
1683 2832 1755 2858 apo-

443 2856 539 2882 stolos
559 2856 590 2882 in
612 2863 711 2892 marg:
733 2857 804 2882 add.
880 2855 921 2883 33.
944 2856 1027 2883 videt
1048 2857 1082 2883 (J.
1156 2856 1202 2891 34.
1226 2857 1342 2883 mundo
1365 2857 1462 2892 magis
1483 2857 1516 2884 E.
