2067 3298
181 224 228 258 36
901 224 1125 257 JOHANNIS
1152 223 1337 254 WYCLIF
1634 218 1723 246 CAP.
1744 218 1780 245 11.

184 343 360 377 cstimaung
382 342 438 380 tan-
466 335 597 370 culum
633 331 793 368 taxandi
826 331 974 366 iustum
997 330 1173 365 valorem
1199 329 1288 364 talis
1312 327 1459 364 laboris
1483 327 1539 363 sic
1563 326 1781 362 mercantis

177 378 450 440 prta-{reblfgrafflen
467 401 503 428 et
541 391 600 426 vie
639 389 878 437 periculum,
924 400 1061 435 ymmo
1100 386 1255 423 taxacio
1296 384 1616 422 continuacionis
1656 392 1782 419 status

212 447 415 509 Pmcgigffssnfflffg
468 448 683 485 mercantis
723 456 779 483 est
811 445 885 482 sibi
918 445 1123 493 incognita
1156 453 1322 492 propter
1360 451 1521 479 eventus
1554 442 1783 477 innumera-

222 517 332 543 should
355 516 404 554 the
469 507 564 543 biles
590 505 783 542 causales.
818 504 945 539 Multo
976 502 1102 550 magis
1133 502 1300 538 clericus
1325 500 1456 545 Cristi‚
1489 509 1526 536 et
1555 498 1783 547 specialiter

178 549 449 614 {Legffilgvpsiadfflaclll
467 565 654 601 sacerdos
687 561 883 610 superior,
919 562 1035 596 debet
1069 572 1207 596 cavere
1239 557 1565 605 negociacionem
1599 558 1648 593 ad
1680 556 1783 604 peri-

297 617 304 621 .
467 622 601 658 culum
653 620 713 656 sui
769 628 805 655 et
854 617 1019 654 ecclesie
1064 617 1190 665 magis
1235 615 1481 663 ambiguam,
1526 615 1588 651 vel
1634 623 1781 650 statum

466 678 746 727 prosperitatis
791 677 993 712 mundane
1038 675 1077 710 in
1117 687 1196 722 quo
1235 674 1367 710 iacent
1406 673 1540 709 anime
1586 671 1785 719 ampliora

466 737 659 785 pericula.
705 734 861 771 Primus
908 733 1012 769 enim
1062 740 1262 768 mercator
1306 739 1440 779 posset
1483 730 1639 767 facilius
1684 729 1784 765 iuste

468 794 607 841 exequi
654 792 929 829 mercandiam
973 791 1094 826 talem
1142 802 1185 825 ex
1230 788 1392 836 integris
1433 801 1554 836 quam
1593 787 1784 834 prelatus,

468 861 505 888 et
538 851 593 887 sic
626 851 862 887 habundare
896 848 1063 884 diviciis.
1099 849 1199 884 Nam
1240 846 1461 895 expressius
1494 845 1732 894 prohibetur
1764 857 1786 880 a

468 910 613 955 Cristo‚
665 909 753 956 plus
805 906 1024 943 retrahitur
1073 918 1096 942 a
1141 904 1287 941 cariori
1331 904 1480 949 officio,
1534 912 1571 939 et
1620 902 1786 939 omnino

468 966 732 1015 periculosius
772 965 1034 1001 blasfematur
1073 963 1113 999 in
1152 964 1303 999 honore
1338 963 1542 998 mundano
1581 973 1652 1009 per
1686 972 1787 996 mer-

469 1025 655 1061 candiam
689 1022 911 1060 sacerdotis
945 1034 1067 1070 quam
1100 1033 1171 1069 per
1204 1021 1353 1057 dictam
1376 1019 1467 1056 la'i'ci
1492 1018 1786 1059 mercandiarm

201 1091 373 1126 Especially
395 1099 427 1117 as
469 1093 506 1119 et
545 1082 712 1119 omnino
753 1082 800 1117 de
839 1080 1017 1129 periculo
1057 1078 1252 1115 mundani
1291 1078 1469 1124 honoris,
1514 1077 1649 1125 gracia
1687 1075 1788 1112 lucri

220 1125 421 1187 ggffiffi„{¹¹gf
468 1140 699 1188 symoniace
732 1138 957 1187 perquisiti,
992 1146 1029 1173 et
1061 1149 1217 1173 summe
1250 1137 1298 1172 de
1325 1136 1518 1172 blasfema
1540 1133 1788 1171 exaltacione

240 1195 398 1228 beneficos,
469 1197 679 1247 potestatis
712 1196 858 1244 prelati
891 1204 1055 1243 propter
1088 1193 1350 1231 collacionem
1390 1192 1666 1241 symoniacam
1701 1203 1788 1239 pre-

470 1256 650 1305 positure
682 1255 743 1291 Vel
776 1253 961 1290 beneficii
994 1252 1228 1301 spiritualis.

209 1322 345 1349 wherein
366 1322 417 1348 the
527 1314 653 1350 Aliter
687 1312 792 1349 enim
826 1324 1049 1359 numquam
1084 1311 1139 1346 sic
1173 1310 1481 1346 blasfemaretur
1508 1310 1555 1344 de
1589 1316 1788 1355 potestate

227 1356 403 1426 Ρῗὲἶζξζςῖξ
471 1371 630 1420 prelati,
665 1370 896 1418 implicando
930 1370 1038 1417 quod
1072 1369 1161 1416 plus
1190 1376 1322 1415 potest
1346 1367 1386 1402 in
1410 1366 1616 1403 colacione
1644 1365 1786 1401 talium

193 1426 446 1495 b‡}{}¹23{¹ffig}¹y
471 1442 591 1478 quam
626 1431 765 1465 Petrus
798 1427 929 1475 potuit
962 1426 1042 1462 sive
1077 1426 1245 1462 Cristus.
1280 1425 1344 1461 Sic
1378 1425 1486 1472 quod
1518 1432 1629 1471 patet
1651 1423 1787 1459 sedule

182 1500 324 1534 contrary
347 1482 449 1522 totlie
471 1486 694 1524 attendenti
733 1486 841 1534 quod
881 1484 1010 1521 maior
1048 1496 1140 1532 pars
1179 1484 1470 1520 blateratorum
1510 1483 1557 1517 de
1590 1489 1789 1529 potestate

191 1530 446 1599 pragtpigtgssqgthe
471 1545 614 1593 prelati
649 1553 706 1580 est
740 1543 916 1579 heretica
949 1550 986 1578 et
1017 1542 1224 1578 blasfema.
1258 1543 1361 1577 Nam
1396 1539 1489 1588 quia
1522 1548 1702 1587 potestas
1733 1547 1790 1574 est

470 1602 725 1646 insensibilis,
778 1601 873 1648 fingi
923 1599 1072 1648 poterit
1123 1608 1160 1635 et
1204 1598 1371 1635 ficcione
1422 1596 1607 1633 mendaci
1654 1595 1790 1633 seduci

470 1662 657 1709 populus.
713 1658 896 1707 Apostoli
949 1667 1082 1694 autem
1136 1670 1217 1693 non
1271 1657 1317 1692 de
1372 1654 1649 1703 magnitudine
1700 1653 1790 1690 talis

471 1717 680 1766 potestatis
713 1717 1017 1761 contenderant,
1063 1716 1132 1751 sed
1177 1715 1226 1750 ad
1271 1715 1360 1762 plus
1404 1714 1671 1749 laborandum
1717 1724 1788 1759 pro

473 1775 733 1812 edificacione
793 1773 958 1810 ecclesie
1019 1772 1280 1809 effectualiter
1338 1772 1559 1807 secundum
1617 1770 1789 1806 formam

181 1841 320 1875 Nothing
341 1848 452 1874 proves
474 1832 677 1881 ewangelii
715 1833 966 1869 laborabant.
1013 1832 1127 1867 Unde
1166 1842 1248 1866 non
1286 1838 1420 1877 potest
1459 1828 1546 1876 quis
1579 1827 1789 1875 patencius

184 1876 458 1937 benfifclsslssiltisthey
473 1893 684 1928 ostendere
707 1902 747 1926 se
771 1902 855 1926 esse
879 1897 1079 1937 expertem
1100 1887 1190 1924 talis
1209 1886 1395 1935 potencie
1414 1899 1533 1934 quam
1554 1887 1789 1933 pompando

183 1945 322 1979 spiritual
343 1951 521 1985 POW0¹⁴³de
554 1949 624 1985 tali
656 1947 843 1996 potencia
876 1947 959 1983 sine
993 1946 1334 1993 correspondente
1368 1956 1502 1992 opere.
1542 1945 1649 1979 Deus
1682 1943 1787 1979 enim

181 1979 457 2049 ungitpfigdagaay
472 2020 552 2043 non
586 2008 653 2043 dat
684 2007 805 2042 talem
838 2013 1078 2053 potestatem
1107 2011 1273 2051 propter
1295 2003 1444 2047 locum,
1478 2010 1645 2050 propter
1667 2000 1789 2037 tradi-

240 2049 397 2118 [ἛῘ-Ῑῑᾨῖζῃ
472 2065 606 2102 ciones
645 2063 839 2100 elacionis
877 2064 1053 2098 humane
1091 2062 1152 2098 vel
1184 2069 1349 2109 propter
1387 2060 1536 2096 famam
1569 2060 1630 2095 vel
1667 2071 1790 2107 appa-

472 2123 649 2159 renciam
673 2123 848 2158 humane
872 2120 1009 2168 glorie,
1033 2132 1112 2168 qua
1136 2118 1299 2166 fingitur
1317 2119 1426 2166 quod
1448 2117 1539 2153 talis
1558 2117 1790 2153 dominatur

472 2181 545 2217 toti
570 2181 734 2225 mundo,
768 2188 977 2226 tamquam
1007 2178 1130 2213 frater
1153 2175 1304 2212 domini
1332 2184 1369 2211 et
1392 2175 1558 2211 amicus.
1593 2176 1790 2211 Sacerdos

473 2238 579 2274 enim
614 2239 765 2273 mundo
804 2235 1044 2283 incognitus,
1085 2234 1152 2283 qui
1192 2233 1361 2269 similius
1401 2232 1580 2280 sequitur
1614 2232 1789 2268 Cristum

473 2296 513 2331 in
537 2295 728 2341 moribus,
763 2296 883 2330 habet
906 2301 1147 2342 potestatem
1174 2291 1337 2339 regendi
1362 2299 1398 2327 et
1428 2290 1643 2326 edificandi
1668 2291 1791 2326 eccle-
1831 2292 1844 2324 5

546 2507 565 2525 1.
587 2498 724 2524 laborem
740 2498 813 2527 AD:
835 2498 926 2524 talem
941 2497 1079 2523 laborem
1095 2504 1198 2523 omnes
1212 2496 1302 2523 MSS.
1361 2503 1386 2522 2.
1402 2503 1474 2529 ymo
1490 2495 1523 2522 E.
1581 2495 1607 2522 ὁ.
1624 2499 1713 2529 atque
1728 2493 1788 2521 (ΖΕ.

474 2533 503 2563 6,
519 2541 535 2567 7
562 2537 659 2559 status
676 2532 891 2566 prosperitatis
913 2531 1068 2558 mundane
1090 2531 1282 2565 periculosus
1304 2531 1334 2557 in
1355 2538 1456 2565 marg.
1479 2530 1536 2565 inf.
1559 2529 1593 2557 C.
1651 2537 1691 2555 10.
1714 2528 1790 2555 hun-

475 2568 546 2594 dare
567 2567 600 2594 C.
671 2574 708 2594 12.
731 2567 962 2601 blasphematur
983 2566 1022 2599 E;
1045 2566 1083 2592 ih.
1107 2566 1232 2592 homine
1252 2567 1290 2592 A.
1360 2564 1397 2592 13.
1420 2563 1496 2592 lavci
1518 2564 1551 2591 E.
1618 2563 1659 2596 16,
1682 2571 1720 2597 17.
1743 2563 1788 2589 vel

476 2601 670 2637 prepositure
692 2601 828 2628 beneficii
850 2602 887 2628 A.
963 2600 1002 2627 18.
1025 2600 1207 2626 blasfemare
1228 2600 1269 2628 D:
1291 2599 1329 2625 ib.
1352 2596 1493 2634 potestati
1517 2598 1550 2626 C.
1625 2605 1666 2632 19.
1687 2597 1791 2631 impli-

474 2637 574 2663 cando
595 2635 665 2669 (Σῦς
692 2636 729 2662 ib.
760 2636 849 2662 habet
875 2635 943 2663 CE:
970 2635 1008 2661 ib.
1036 2634 1203 2661 collacione
1230 2634 1319 2661 CDE.
1423 2641 1462 2660 21.
1491 2634 1693 2660 blacterarum
1721 2632 1788 2659 AD.

474 2678 517 2697 22.
540 2670 648 2709 prelati
669 2670 764 2708 estjn
785 2678 886 2706 marg.
908 2669 980 2696 add.
1002 2669 1038 2696 D.
1138 2676 1181 2702 22,
1203 2668 1246 2695 23.
1271 2672 1408 2702 potestas
1428 2676 1487 2703 quc
1507 2667 1698 2694 insensibilis
1719 2667 1789 2693 ideo

475 2705 679 2731 excusabilior
698 2705 819 2731 Videtur
839 2705 869 2731 in
890 2712 992 2740 marg.
1014 2704 1050 2730 D.
1113 2702 1156 2730 23.
1178 2708 1206 2730 et
1225 2704 1311 2729 deest
1332 2703 1368 2736 133
1390 2703 1428 2729 ib.
1452 2702 1604 2729 mendacii
1625 2701 1663 2730 13:
1684 2701 1721 2728 ib.
1745 2709 1789 2727 se-

475 2739 558 2777 ducti
580 2739 612 2765 B.
722 2746 766 2771 24·
789 2743 841 2766 aut
860 2740 898 2766 A.
1013 2738 1054 2765 25.
1077 2738 1298 2765 contenderent
1318 2737 1353 2764 D.
1467 2744 1511 2772 27.
1535 2741 1639 2771 posset
1659 2735 1787 2764 ACDE:

475 2774 622 2808 glonacio
644 2773 833 2808 prelatorum
856 2773 892 2800 de
913 2777 1062 2807 potestate
1083 2777 1227 2799 causatur
1246 2772 1276 2798 in
1298 2780 1397 2807 marg.
1418 2779 1484 2806 sup.
1513 2771 1547 2799 C.
1656 2771 1700 2797 25.
1722 2778 1788 2796 esse

475 2808 559 2834 deest
578 2808 644 2835 AD.
727 2806 773 2834 Β).
821 2812 923 2842 ropter
943 2808 1044 2833 locum
1066 2807 1096 2833 1'71
1119 2815 1218 2836 marg.
1239 2806 1310 2833 add.
1334 2806 1368 2833 Ι).
1453 2806 1491 2833 31.
1513 2805 1676 2832 eleccionis
1696 2804 1786 2832 Che.

476 2842 517 2869 33.
539 2847 662 2877 taquam
683 2842 720 2868 D.
795 2816 840 2875 gt.
862 2842 1004 2877 cognitus
1025 2841 1058 2869 C.
1186 2836 1194 2842 ”

1824 735 1862 766 N.

1806 861 1844 881 10

1808 1138 1843 1170 15

1807 1714 1846 1746 25
