2067 3298
195 572 220 598 lt
241 573 362 598 follows
383 571 446 598 that

218 607 267 632 the
291 606 419 639 Orders‚

200 641 377 675 depending
397 649 436 667 on

230 676 280 702 the
303 675 410 709 Pope's

190 710 307 739 decree,
329 710 388 736 and
411 710 447 736 all

209 745 283 771 such
306 745 430 771 deci-ees

182 784 235 805 not
256 779 391 806 founded
416 787 455 806 on

234 813 402 848 Scripture.

183 848 293 875 should
321 849 355 875 be
377 848 456 875 done

217 891 302 918 away
324 883 414 913 with:

194 1032 258 1058 that
277 1033 327 1058 the
348 1032 448 1067 clergy

183 1067 292 1093 should
314 1067 392 1102 obey
412 1074 450 1093 no

209 1100 331 1128 Cnurch
352 1102 427 1127 laws

203 1144 273 1161 <ave
293 1136 381 1162 those
402 1136 436 1162 of

258 1170 379 1197 Christ:

210 1378 268 1404 and
290 1377 354 1404 that
375 1378 425 1404 the

216 1415 296 1446 good
320 1412 420 1439 which

226 1454 295 1482 may
316 1447 420 1474 follow

244 1481 324 1508 from
345 1482 395 1508 the

191 1521 314 1550 present
335 1521 448 1552 system

189 1559 299 1588 proves
321 1551 450 1586 nothing

201 1593 229 1612 ln
252 1585 291 1612 its
311 1585 430 1612 favour.

178 1781 203 1807 lt
226 1780 322 1808 God's
344 1782 401 1807 law
422 1782 447 1808 is

225 1820 254 1841 to
278 1816 311 1842 be
332 1816 410 1842 their

214 1850 360 1877 standard
382 1850 416 1877 of

203 1885 315 1918 action,
336 1885 359 1911 it
380 1893 433 1912 can

204 1919 312 1955 hardly
333 1920 368 1946 be
390 1928 423 1946 so

227 1962 311 1980 inore
332 1956 403 1981 than

245 1989 387 2024 x‘erbaliy.

199 2471 300 2497 These
321 2479 423 2498 errors

244 2514 294 2532 are
315 2514 387 2541 very

194 2540 371 2575 iungemus,
393 2540 439 2567 for

217 2575 287 2610 they·
308 2580 406 2601 create

906 227 1129 259 „IOHANNIS
1156 227 1340 258 WYCLIF
1624 224 1711 251 (JAP.
1734 224 1784 251 ΙΙΙ.

471 335 559 369 fiat
580 334 754 369 voluntas
777 341 854 377 tua,
877 333 973 369 sicut
995 334 1030 368 in
1053 334 1133 368 celo
1157 341 1190 368 et
1213 333 1248 367 in
1273 340 1379 367 terra
1400 341 1472 368 etc.
1498 333 1545 367 Et
1564 344 1668 370 cum,
1694 331 1783 367 licet

473 404 553 427 non
586 391 780 427 faciamus
814 392 920 439 quod
954 391 1002 426 sit
1033 391 1216 427 voluntas
1240 390 1315 434 dei,
1351 389 1423 425 nisi
1447 389 1486 425 in
1510 389 1783 436 complecione

472 449 568 497 legis
591 461 671 489 sue,
697 457 831 485 tamen
854 449 894 484 in
918 450 991 484 hoc
1010 457 1217 495 torpemus
1235 457 1444 495 tamquam
1462 449 1535 483 deo
1555 448 1781 494 degeneres.

475 509 520 543 Et
552 516 661 554 patet
693 506 844 542 falsitas
876 506 989 542 tercii
1022 505 1206 554 principii
1240 504 1449 541 anticristi.

531 566 585 599 Ex
618 564 701 600 istis
734 564 859 600 tribus
893 563 1100 611 principiis
1133 571 1263 610 potest
1297 562 1422 598 fidelis
1456 562 1642 609 colligere
1676 564 1783 609 quod
1804 568 1819 599 5

473 634 612 658 omnes
631 621 773 669 privati
790 621 965 666 ordines,
986 621 1054 669 qui
1071 633 1151 656 non
1175 622 1322 656 habent
1346 619 1454 655 aliud
1476 620 1783 655 fundamentum

474 693 593 728 quam
642 678 1029 715 determinacionem
1070 679 1269 726 papalem,
1316 689 1470 713 cessare
1509 678 1691 713 debeant.
1737 679 1785 712 Et

472 749 541 785 per
574 737 679 773 idem
713 749 852 773 omnes
877 735 1237 772 determinaciones
1271 735 1428 770 romani
1460 734 1674 782 pontificis,
1710 746 1784 782 que

473 807 551 831 non
585 804 676 831 sunt
709 803 892 842 patenter
926 793 1115 830 elicibiles
1149 806 1192 829 ex
1215 792 1425 840 scriptura.
1460 794 1508 828 Et
1530 801 1640 840 patet
1663 805 1783 839 quam

472 853 566 889 levis
600 861 656 888 est
691 851 912 888 evidencia:
952 851 983 887 si
1022 863 1214 887 romanus
1253 850 1428 898 pontifex
1462 863 1551 886 cum
1587 858 1785 897 quotquot
1807 865 1845 886 10

474 910 670 958 episcopis
710 908 930 945 decreverit
974 910 1082 957 quod
1130 908 1345 944 eukaristia
1391 908 1440 943 sit
1479 907 1663 943 accidens
1702 907 1785 943 sine

472 968 665 1010 subiecto,
705 968 765 1003 vel
797 968 894 1003 tales
933 967 1092 1003 ordines
1122 965 1124 1015 A
1155 966 1463 1008 confirmaverit,
1505 978 1597 1012 ergo
1631 977 1783 1000 verum.
1827 969 1883 1012 37³·

473 1027 671 1063 Secundo,
705 1025 863 1061 videtur
896 1026 1003 1073 quod
1037 1033 1144 1060 totus
1179 1024 1307 1060 clerus
1340 1025 1468 1065 debet,
1504 1023 1666 1058 dimissa
1694 1022 1785 1058 soli-

472 1083 649 1119 citudine
699 1084 831 1130 legum
882 1082 1102 1130 papalium,
1154 1081 1229 1129 legi
1276 1081 1392 1118 Cristi
1443 1081 1662 1126 intendere,
1714 1079 1784 1115 etsi

473 1142 629 1177 dicatur
662 1142 769 1189 quod
799 1141 940 1177 totales
971 1139 1201 1175 huiusmodi
1225 1139 1274 1175 sit
1298 1140 1357 1174 lex
1380 1138 1517 1183 Cristi;
1552 1138 1658 1186 quia,
1694 1150 1781 1174 cum
1806 1143 1842 1175 15

472 1199 654 1235 diabolus
692 1198 952 1245 transfigurat
997 1210 1037 1233 se
1074 1197 1114 1233 in
1154 1198 1339 1245 angelum
1382 1196 1495 1239 lucis,
1537 1208 1609 1232 nec
1645 1205 1785 1231 auctor

472 1257 569 1304 legis
609 1257 796 1304 dignatur
834 1257 1002 1292 fundare
1041 1255 1284 1291 tradiciones
1324 1267 1413 1290 suas
1447 1254 1486 1290 in
1519 1255 1603 1301 lege
1637 1253 1783 1298 divina,

471 1314 562 1350 ideo
603 1323 660 1351 est
699 1314 808 1362 pium
849 1323 885 1349 et
924 1326 1106 1349 securum
1150 1312 1345 1349 catholice
1385 1312 1588 1360 quiescere
1627 1311 1666 1346 in
1706 1311 1782 1347 illis

472 1372 625 1420 legibus
665 1384 742 1420 que
782 1380 872 1407 sunt
912 1372 1047 1418 patule
1085 1370 1125 1406 in
1164 1370 1374 1418 scriptura.
1422 1372 1468 1405 Et
1507 1378 1616 1416 patet
1658 1369 1701 1403 30
1741 1378 1784 1404 ut

471 1442 563 1478 sepe
587 1430 750 1471 asserui,
785 1431 891 1477 quod
913 1442 993 1465 non
1018 1437 1074 1464 est
1107 1429 1230 1473 color,
1264 1428 1294 1463 si
1319 1440 1361 1463 ex
1385 1427 1469 1463 istis
1492 1426 1783 1462 tradicionibus
1801 1442 1842 1462 20

472 1488 597 1523 multa
629 1489 734 1523 bona
768 1486 967 1531 eveniunt,
1007 1499 1099 1534 ergo
1139 1495 1229 1521 sunt
1263 1498 1284 1521 a
1317 1485 1499 1521 fidelibus
1540 1486 1782 1532 exequenda.

470 1548 572 1581 Nam
607 1558 649 1581 ex
682 1554 848 1592 peccato
883 1544 1002 1592 primi
1036 1543 1165 1591 angeli
1200 1553 1236 1579 et
1268 1543 1388 1591 primi
1423 1542 1606 1584 hominis⁷
1646 1555 1782 1588 ymmo

472 1615 515 1639 ex
547 1615 790 1650 quocunque
825 1603 944 1641 malo,
984 1601 1291 1638 occasionaliter
1331 1610 1367 1636 et
1407 1613 1476 1648 per
1509 1600 1684 1648 graciam
1721 1599 1782 1635 dei

472 1662 595 1696 multa
630 1663 734 1697 bona
768 1660 967 1696 eveniunt.
1002 1661 1095 1695 Ideo
1127 1672 1207 1695 non
1235 1668 1291 1695 est
1322 1659 1443 1697 color,
1478 1658 1508 1694 si
1542 1670 1584 1694 ex
1617 1657 1781 1705 privatis

471 1718 679 1754 ordinibus
726 1727 762 1754 et
806 1717 980 1765 propriis
1026 1717 1179 1765 legibus
1225 1729 1314 1752 cum
1360 1716 1439 1751 suis
1485 1715 1781 1751 defensionibus
1799 1720 1838 1751 25

470 1777 596 1812 multa
642 1778 745 1813 bona
789 1775 1043 1823 proveniunt.
1090 1787 1183 1822 ergo
1228 1787 1308 1810 non
1352 1783 1443 1809 sunt
1487 1773 1643 1809 iniuste.
1690 1775 1781 1809 Ideo

468 1843 627 1881 oportet
650 1836 698 1870 ad
723 1834 849 1882 legem
872 1833 1001 1870 Cristi.
1026 1842 1068 1868 ut
1093 1833 1272 1880 regulam
1292 1831 1537 1872 directivam.
1564 1832 1781 1873 attendere,

468 1901 504 1927 et
528 1891 622 1940 ipsis
646 1892 751 1927 iuxta
775 1891 915 1939 positis
937 1891 1071 1926 videre
1095 1890 1200 1938 ipsas
1229 1903 1308 1926 non
1332 1889 1371 1925 in
1395 1889 1530 1936 aliquo
1555 1889 1779 1924 dissonare:

468 1951 576 1997 quod
608 1949 765 1985 videtur
799 1948 974 1991 difficile,
1010 1961 1098 1984 cum
1124 1949 1183 1983 vel
1207 1956 1370 1995 propter
1399 1946 1492 1983 talia
1518 1946 1672 1994 privata
1696 1947 1780 1994 lege

469 2007 530 2043 dei
566 2007 730 2043 dimissa
759 2019 897 2043 omnes
923 2006 976 2042 eis
1000 2006 1198 2042 afficimur
1228 2006 1299 2049 vel,
1333 2006 1419 2052 lege
1449 2004 1511 2039 dei
1539 2004 1774 2052 postposita.
1797 2008 1838 2039 30

467 2065 586 2100 nimis
625 2065 788 2101 remisse
822 2076 909 2100 eam
944 2063 1188 2112 exequimur.
1228 2065 1276 2098 Et
1314 2063 1683 2110 quomodocunque
1722 2063 1779 2097 lo-

467 2123 640 2170 quimur,
692 2123 842 2158 factum
894 2131 1076 2158 nostrum
1127 2130 1164 2157 et
1211 2119 1461 2156 consciencia
1507 2119 1659 2155 dictant
1702 2119 1776 2155 ista

466 2180 658 2228 implicite
693 2192 775 2215 esse
808 2192 912 2215 vera.
949 2179 1059 2224 Quis,
1094 2178 1273 2226 inquam,
1308 2177 1515 2225 religiosus
1549 2189 1629 2212 non.
1660 2176 1777 2212 nimis

466 2237 722 2285 appreciatur
755 2237 995 2273 tradiciones
1029 2236 1215 2284 privatas,
1250 2245 1293 2271 ut
1326 2235 1365 2271 in
1393 2234 1538 2274 studio,
1573 2235 1612 2270 in
1643 2235 1777 2270 valore

466 2304 502 2330 et
541 2295 825 2331 observacione
865 2296 953 2342 plus
993 2294 1046 2330 eis
1086 2295 1282 2335 attendat,
1322 2293 1382 2329 vel
1422 2292 1551 2327 minus
1592 2291 1778 2339 respiciat
1794 2294 1833 2327 35

465 2353 591 2400 legem
629 2352 773 2389 Cristi?
806 2354 854 2387 Et
887 2351 1146 2388 conformiter
1180 2353 1226 2387 de
1260 2350 1509 2386 studentibus
1543 2350 1640 2386 alias
1673 2350 1777 2396 leges

467 2410 675 2446 hominum
710 2411 858 2446 factum
893 2411 1040 2446 clamat
1073 2409 1191 2449 istud,
1226 2408 1352 2444 eciam
1387 2416 1574 2454 negatum
1600 2420 1620 2443 a
1647 2407 1775 2444 nobis.

466 2480 545 2515 quo
579 2469 627 2503 ad
661 2467 953 2504 conscienciam
990 2479 1072 2503 esse
1096 2479 1246 2502 verum.
1282 2469 1361 2501 Nec
1385 2475 1475 2501 sunt
1500 2464 1777 2500 dissimulandi

467 2537 620 2561 errores
654 2525 836 2572 predicti,
871 2525 965 2572 quia
998 2524 1231 2560 continuata
1256 2523 1469 2572 obliquitas
1494 2535 1515 2558 a
1538 2522 1777 2559 rectitudine

537 2667 556 2686 1.
578 2659 640 2686 fii-stt
661 2659 701 2692 C;
723 2659 760 2685 ib.
781 2663 881 2685 tamen
904 2667 1007 2685 omnes
1029 2658 1116 2686 MSS.
1172 2665 1197 2684 2.
1219 2658 1366 2684 faciamus
1388 2657 1469 2692 quod
1487 2665 1546 2683 non
1561 2654 1777 2683 mnnesJJSS:

466 2693 505 2719 ib.
528 2695 558 2720 nt
578 2694 612 2721 (j.
704 2692 728 2720 3'.
750 2701 819 2720 cum
842 2693 875 2720 (Σ.
960 2703 988 2725 4.
1011 2693 1070 2720 fflis
1091 2694 1130 2720 A.
1216 2700 1253 2719 12.
1276 2692 1377 2726 igitur.
1469 2690 1505 2718 13.
1528 2691 1617 2717 debet
1635 2690 1720 2716 deest
1740 2689 1773 2716 C.

466 2728 501 2754 15.
524 2733 624 2755 tamen
648 2728 678 2754 Ρ».
788 2729 828 2755 Ιώ.
852 2736 905 2754 nec
927 2728 1007 2754 deest
1027 2729 1065 2754 A.
1168 2735 1208 2762 11)-
1231 2727 1282 2762 qui
1304 2727 1335 2752 Β.
1435 2733 1481 2753 20.
1504 2726 1546 2753 sic
1561 2733 1622 2760 pro
1644 2732 1715 2758 sepe
1735 2725 1773 2750 A.

464 2792 502 2812 21.
526 2785 618 2819 initur
639 2785 672 2813 C.
781 2784 825 2812 30.
848 2785 1021 2812 afficiuntur
1041 2785 1110 2818 Ass;
1138 2785 1175 2811 z‘lw.
1198 2789 1228 2811 ut
1243 2791 1305 2819 pro
1326 2784 1370 2810 vel
1392 2783 1455 2810 ΑΒ.
1557 2781 1600 2809 32.
1624 2774 1714 2809 dffint
1734 2782 1772 2807 A.

466 2841 505 2868 ⁴³1³.
529 2843 675 2877 implicita
695 2843 758 2870 Ali.
832 2841 875 2869 3>st
898 2841 1049 2869 dissilandi
1071 2843 1109 2869 A.
1183 2841 1228 2876 39.
1251 2829 1445 2875 obliq‘samss*
1465 2842 1502 2868 A.
