2067 3298
188 228 235 262 58
916 234 1139 266 JOHANNIS
1166 234 1350 266 WYCLIF
1623 231 1712 259 cm).
1733 231 1786 258 iv.

472 341 623 376 femant
668 339 707 375 in
747 339 936 384 Cristum,
987 340 1230 376 mencientes
1275 340 1384 387 quod
1428 339 1511 386 ipse
1556 338 1785 375 dominatus

471 397 545 433 fuit
579 397 758 442 civiliter,
793 406 830 433 et
852 396 944 433 vixit
967 397 1214 436 seculariter.
1250 399 1292 433 In
1322 396 1434 433 cuius
1457 397 1615 444 signum
1639 405 1785 432 vocant

223 463 273 489 the
295 463 413 489 secular
471 464 601 491 totum
635 464 820 503 questum
856 454 951 490 cleri
984 454 1304 502 “patrimonium
1338 454 1557 491 crucffixs’.
1598 456 1782 490 Secundo

242 497 401 566 pgxffreiigtpf
473 513 709 549 blasfemant
734 514 781 548 de
804 525 908 560 papa
937 521 973 548 et
1007 512 1094 548 aliis
1124 512 1288 560 prelatis
1323 511 1505 557 cesareis‚
1541 512 1783 548 mencientes

471 571 579 618 quod
613 570 697 606 iure
730 569 1006 617 generacionis
1031 569 1150 605 Cristi
1184 571 1329 606 debent
1362 582 1519 605 summe
1551 569 1817 606 seculariter5

181 636 231 661 the
252 635 408 674 authority
423 639 454 662 to
469 627 683 665 dominari.
717 630 766 663 Et
789 627 914 663 tercio
939 627 1178 663 blasfemant
1201 627 1241 663 in
1263 627 1516 663 vendicando
1540 636 1781 675 potestatem

179 674 454 739 exconzrpcuhicata
470 685 720 733 spiritualem
746 684 878 730 Cristi,
914 685 1157 721 mencientes
1192 686 1300 733 quod
1334 686 1507 721 habeant
1539 693 1783 733 potestatem

470 742 861 787 excommunicandi,
896 742 1143 788 absolvendi,
1180 743 1450 790 dispensandi,
1485 743 1718 790 indulgendi
1746 751 1782 778 et

468 800 705 836 abscondite
738 800 1051 845 transmutandi,
1097 801 1202 837 ultra
1247 802 1322 837 hoc
1366 802 1475 848 quod
1520 800 1683 836 racione
1721 801 1782 836 vel

466 857 667 905 scriptura
699 857 829 894 sciunt
862 859 1087 903 ostendere,
1122 859 1182 894 vel
1206 858 1335 894 Cristo
1360 859 1505 894 debere
1539 867 1779 906 competere.

192 922 255 960 *the
276 922 421 960 assumed
466 916 514 951 Et
547 916 710 951 tandem
745 916 984 951 blasfemant
1017 917 1125 964 quod
1159 925 1250 952 sunt
1275 917 1419 952 fratres
1444 925 1481 952 et
1503 915 1623 952 amici
1647 915 1780 957 Cristi,

184 956 437 1018 Πὲῗὲᾒῗέῗξοὲἓά
465 981 658 1020 tanquam
685 973 914 1009 iuramento
936 974 997 1009 vel
1021 982 1140 1021 pacto
1164 986 1255 1010 cum
1290 987 1335 1010 eo
1370 974 1637 1018 confederati3
1672 974 1780 1021 quod

203 1025 277 1052 with
299 1024 420 1053 Christ:
465 1030 651 1079 quitquid
682 1031 960 1078 pretenderint
994 1043 1033 1067 se
1066 1032 1196 1068 facere
1234 1031 1275 1067 in
1313 1031 1478 1068 nomine
1513 1031 1643 1075 Cristi,
1684 1031 1781 1066 illud

463 1087 616 1124 faciunt
649 1101 694 1125 eo
728 1088 829 1136 ipso.
864 1091 913 1124 Et
946 1089 1038 1125 hinc
1060 1090 1197 1126 volant
1230 1089 1438 1126 blasfemie
1472 1091 1520 1125 de
1553 1089 1782 1125 innumera-

463 1145 608 1182 bilibus
648 1146 807 1182 milibus
852 1159 1065 1191 annorum,
1112 1147 1256 1195 quibus
1302 1147 1466 1195 fingitur
1508 1147 1626 1183 stulte
1673 1146 1780 1194 ipsos

465 1216 487 1239 a
521 1217 624 1251 pena
657 1214 693 1240 et
727 1217 748 1240 a
782 1205 899 1252 culpa
933 1205 1152 1241 absolvere.
1187 1206 1265 1241 Sed
1299 1205 1330 1241 si
1364 1206 1452 1253 plus
1486 1206 1726 1253 elongantur
1759 1217 1780 1240 a

463 1261 581 1298 Cristi
615 1262 655 1297 in
689 1263 810 1298 modo
842 1262 1013 1307 vivendi,
1048 1264 1243 1299 servando
1278 1263 1360 1299 eius
1393 1271 1583 1311 precepta
1617 1271 1654 1299 et
1687 1274 1781 1298 con-

178 1324 226 1351 for
246 1325 348 1352 which
368 1326 438 1362 they
461 1318 563 1365 silia,
609 1320 704 1367 quid
749 1320 826 1355 illis
867 1328 904 1356 et
942 1320 1197 1368 generacioni
1239 1320 1359 1357 Cristi
1409 1321 1621 1357 salvande?
1670 1320 1780 1356 Sicut

173 1359 446 1431 ἒὲῑῖἳέἒῧιρζῗέξίᾃ
462 1376 568 1413 enim
614 1379 834 1413 secundum
873 1378 1000 1425 legem
1043 1380 1304 1424 mundanam,
1350 1378 1568 1426 requiritur
1606 1377 1779 1414 carnalis

219 1428 294 1455 with
315 1429 398 1465 Him,
461 1435 672 1482 generacio
706 1437 756 1471 ad
795 1435 1090 1472 successionem
1124 1436 1423 1482 hereditariam,
1463 1436 1519 1472 ita
1558 1437 1777 1472 secundam

459 1493 588 1540 legem
622 1493 797 1529 divinam
831 1493 1050 1541 requiritur
1089 1495 1140 1530 ad
1180 1493 1430 1541 spiritualem
1470 1493 1777 1542 generacionem

460 1550 633 1586 filiorum
674 1550 750 1596 dei,
790 1551 990 1587 successio
1024 1551 1267 1588 hereditaria
1306 1553 1440 1600 quoad
1479 1564 1609 1588 mores
1643 1551 1775 1596 Cristi,

459 1620 577 1656 quem
630 1617 787 1656 oportet
839 1608 942 1645 filios
993 1622 1086 1645 suos
1134 1609 1315 1657 proxime
1362 1621 1565 1657 generare.
1622 1610 1671 1644 Et
1723 1608 1778 1644 ita

460 1675 621 1702 cecatur
665 1666 878 1714 generacio
919 1666 1030 1714 signa
1070 1667 1345 1715 querencium‚
1380 1669 1488 1716 quod
1527 1668 1615 1714 plus
1648 1676 1772 1703 arten<

1802 872 1841 892 10

1802 1150 1838 1182 15

1796 1448 1838 1469 20

458 1725 557 1759 dunt
609 1725 659 1760 ad
710 1725 815 1772 leges
869 1726 1078 1771 humanas,
1124 1724 1268 1772 quibus
1321 1726 1498 1772 prelatus
1549 1725 1831 1761 mundanus25

458 1781 692 1826 instituitur,
718 1795 839 1830 quam
874 1784 924 1818 ad
948 1782 1273 1819 conformitatem
1297 1795 1464 1830 operum
1489 1782 1633 1831 quibus
1666 1783 1775 1818 scola

458 1839 577 1875 Cristi
612 1841 778 1876 mandat
811 1841 986 1877 credere.
1021 1840 1187 1888 Signum
1226 1849 1360 1876 autem
1393 1840 1551 1877 evidens
1585 1849 1642 1876 est
1665 1841 1773 1888 quod

456 1897 555 1933 tales
588 1898 732 1944 prelati
766 1906 856 1934 sunt
889 1897 1087 1934 anticristi
1117 1898 1316 1946 discipuli,
1353 1898 1383 1934 si
1417 1911 1497 1934 non
1529 1907 1668 1934 amant
1702 1899 1772 1934 do-

458 1954 612 1990 minum
645 1957 779 1991 Jesum
814 1955 989 1992 Cristum
1024 1957 1230 2004 sequendo
1265 1969 1354 1993 eum
1395 1956 1435 1991 in
1476 1956 1668 2001 moribus,
1703 1957 1771 1992 sed

456 2022 653 2060 pompant
698 2015 745 2049 de
793 2022 991 2061 potestate
1035 2026 1106 2049 sua
1146 2026 1267 2061 quam
1308 2015 1405 2050 deus
1443 2026 1525 2049 non
1567 2013 1768 2050 revelavit.
1787 2018 1829 2050 30

456 2069 609 2106 Cristus
633 2071 736 2107 enim
760 2072 855 2107 wult
877 2084 951 2108 nec
974 2084 1014 2107 se
1046 2071 1179 2119 ipsum
1211 2084 1284 2108 nec
1316 2072 1520 2119 apostolos
1550 2084 1657 2117 suos,
1692 2071 1767 2107 nisi

456 2127 657 2164 mediante
702 2129 965 2174 revelacione,
1009 2130 1191 2176 detegere
1231 2129 1460 2166 huiusmodi
1510 2138 1766 2177 potestatem.

1795 2166 1902 2193 Mattli.

453 2187 569 2231 Nam,
603 2194 646 2221 ut
670 2187 759 2222 data
783 2195 839 2222 est
860 2187 934 2223 sibi
957 2187 1079 2223 onmis
1096 2194 1281 2235 potestas,
1314 2187 1370 2223 sic
1403 2188 1520 2223 debet
1552 2188 1602 2223 ad
1635 2187 1766 2234 ipsum
1782 2200 1920 2236 XXVIII,

454 2243 604 2289 referri,
639 2253 675 2279 et
709 2244 887 2281 cristiani
921 2244 1072 2280 humile
1104 2244 1374 2281 ministerium
1405 2244 1615 2292 publicari.
1652 2246 1765 2281 Unde

1834 2235 1864 2263 18

452 2300 640 2336 sterilitas
672 2302 825 2338 fructus
857 2301 1068 2350 potestatis
1102 2301 1333 2338 huiusmodi
1373 2302 1529 2350 signum
1567 2311 1624 2338 est
1657 2305 1766 2350 quod
1783 2307 1821 2339 35

452 2358 635 2405 ypocrite
668 2360 908 2396 blasfemant
941 2361 989 2396 de
1022 2368 1220 2407 potestate
1254 2359 1386 2406 Cristi,
1419 2359 1512 2408 quia
1545 2359 1577 2396 si
1611 2361 1766 2396 adesset

451 2425 688 2462 operaretur
712 2430 868 2465 magna,
903 2426 984 2454 tam
1010 2417 1049 2453 in
1073 2416 1236 2464 prelatis
1261 2430 1381 2466 quam
1407 2417 1446 2453 in
1469 2418 1639 2465 populo;
1675 2430 1765 2454 cum

521 2545 540 2563 1.
563 2537 727 2564 mecientes
748 2539 785 2565 A.
878 2537 902 2565 3.
927 2539 1132 2573 petrocinium
1156 2539 1193 2565 A.
1278 2548 1308 2573 4.
1332 2539 1496 2566 mencietes
1516 2540 1555 2566 A.
1642 2539 1670 2566 6.
1692 2548 1764 2566 ven-

450 2571 551 2598 dendo
571 2573 609 2598 A.
668 2580 699 2599 11.
721 2577 823 2600 tamen
845 2580 948 2600 omnes
969 2573 1068 2605 MS&
1088 2573 1125 2600 ib.
1146 2574 1208 2600 fres
1229 2574 1266 2601 A.
1330 2581 1368 2600 12.
1389 2578 1507 2600 tantum
1524 2581 1585 2609 pro
1606 2578 1763 2609 tamquam

449 2613 553 2632 omnes
573 2606 663 2634 MSS.
748 2616 789 2641 14.
811 2607 859 2634 hic
880 2607 918 2640 133
942 2608 1011 2635 huic
1031 2608 1069 2635 A.
1153 2606 1192 2635 18.
1214 2608 1300 2635 sicud
1323 2608 1388 2636 AC.
1469 2616 1511 2643 19.
1533 2608 1700 2635 humanam
1722 2608 1762 2641 C;

449 2664 487 2691 ih.
508 2650 611 2691 ca1‘1'1is
632 2666 669 2691 A.
743 2663 789 2692 36.
811 2657 860 2700 spe
880 2666 917 2692 A.

519 2745 549 2777 5.
583 2746 697 2778 Christ
723 2746 826 2787 being
853 2747 893 2778 of
915 2748 1011 2790 royal
1038 2747 1159 2779 blood.
1281 2748 1334 2781 32.
1367 2748 1528 2779 Allusion
1553 2755 1589 2779 to
1618 2747 1761 2780 Christ’s

447 2792 580 2823 words:
621 2793 754 2825 Beatus
788 2803 833 2832 es,
862 2793 985 2826 Simon
1012 2794 1211 2836 Bar-jona;
1244 2795 1325 2835 quia
1350 2804 1432 2826 caro
1458 2798 1492 2826 et
1517 2795 1664 2837 sanguis
1691 2805 1758 2826 non

447 2838 621 2870 revelavit
647 2839 718 2877 tibi,
745 2839 806 2871 sed
833 2840 933 2871 Pater
960 2850 1059 2871 meus
1087 2841 1146 2881 qui
1174 2841 1208 2870 in
1235 2840 1340 2871 coelis
1368 2847 1428 2871 est.
