2067 3298
206 234 252 267 14
925 232 1147 263 JOHANNIS
1175 233 1359 264 WYCLIF
1665 232 1753 259 CAP.
1777 232 1796 258 Ι.

487 337 566 373 suis
612 337 825 386 prepositis
870 337 988 374 licere
1035 338 1252 388 precipere.
1308 341 1425 385 Quod
1474 340 1660 376 meritum
1706 352 1798 388 ergo

487 404 710 443 reportaret
754 395 794 431 in
838 395 985 432 talibus
1030 397 1181 433 neutris
1221 406 1305 433 tota
1344 397 1547 443 obediens,
1595 410 1684 434 cum
1719 410 1800 434 non

487 462 670 500 peccaret
708 454 767 489 vel
805 453 1013 491 venialiter
1051 456 1122 491 hec
1161 455 1416 491 ommittens?
1462 457 1553 492 Ideo
1588 457 1801 492 comendat

488 511 705 558 apostolus,
731 511 829 547 Gall.
857 515 901 546 20
926 521 963 547 et
990 514 1053 558 503
1076 512 1301 548 libertatem
1327 526 1447 561 quarn
1472 514 1591 550 habet
1615 513 1802 550 cristiana

257 574 412 613 christian
488 568 641 616 religio,
681 568 777 604 talia
816 569 946 605 facere
985 569 1066 606 sive
1104 569 1346 606 ommittere.
1385 573 1434 607 Et
1466 571 1710 619 Augustinus
1749 573 1798 607 ad

230 609 445 678 pligffesgybffth
488 625 767 662 possidonium
797 627 842 661 de
864 627 1094 664 adulterinis
1122 628 1332 678 coniugiis:
1365 631 1450 665 “Ea
1473 638 1564 665 sunt
1592 629 1632 665 in
1656 629 1801 665 nostris

201 680 237 740 Ἥ
259 676 470 740 ἕζυζῇζξῂξξῗῑ
488 684 629 720 officiis
649 683 831 731 graciora
847 696 936 732 que,
958 698 1048 721 cum
1067 685 1159 721 licet
1177 685 1293 722 nobis
1313 685 1439 722 eciam
1458 700 1538 723 non
1556 687 1801 735 impendere,

233 722 295 774 ybut
315 732 460 785 fi'rivate'
488 750 623 777 tamen
656 754 776 778 causa
809 741 1041 778 dileccionis
1074 742 1388 791 impendimus''.
1423 744 1487 781 Sic
1522 757 1615 792 ergo
1647 744 1804 781 videtur

216 783 448 851 desiiiiiilsoiifls,
489 801 596 847 quod
629 799 783 847 privata
807 799 946 848 religio
970 800 1120 848 obligat
1149 801 1259 849 prius
1282 801 1452 838 liberum
1478 804 1527 839 ad
1551 802 1802 839 serviendum

244 848 429 919 angsgffilggisst
489 856 656 903 homini,
680 866 723 893 ut
747 857 950 894 remissius
975 867 1011 894 et
1034 858 1228 895 illiberius
1251 859 1396 896 serviat
1420 861 1494 896 deo
1519 873 1603 898 suo,
1640 860 1679 897 Si
1710 873 1803 908 ergo

228 920 441 956 dispensatim]
488 915 576 962 quis
598 914 737 951 fecerit
759 915 881 951 talem
898 916 1175 953 obedienciam
1197 929 1310 953 servo
1330 918 1509 965 sathane,
1534 918 1627 955 licet
1641 928 1805 954 vocetur

211 955 460 1017 JJ-fffffasoffgglffh
488 985 614 1018 sacra,
646 973 800 1009 Cristus
823 982 959 1009 tamen
982 974 1186 1022 dispensat
1210 984 1247 1011 et
1270 974 1353 1011 eius
1376 976 1548 1012 vicarius
1572 976 1802 1024 dispensare

198 1024 470 1087 pffjvlgglssgssffi
488 1031 604 1066 debet
643 1030 836 1078 celeriter,
876 1040 919 1067 ut
963 1032 1052 1068 talis
1092 1033 1327 1070 obediencia
1360 1033 1510 1070 diaboli
1545 1034 1803 1081 dissolvatur3

487 1087 580 1136 quia
596 1088 867 1125 Ecclesiastici
886 1090 929 1125 5Ο
945 1089 1151 1127 scribitur:
1169 1091 1214 1126 Si
1226 1091 1316 1139 quid
1331 1092 1470 1128 vovisti
1483 1093 1565 1140 deo,
1580 1105 1626 1128 ne
1640 1093 1806 1128 moreris

487 1147 673 1189 reddere,-
709 1147 884 1196 displicet
917 1148 961 1195 ei,
995 1148 1136 1197 inquit,
1171 1149 1337 1199 infidelis
1369 1157 1404 1185 et
1434 1151 1551 1186 stulta
1578 1150 1800 1200 promissio.

487 1205 564 1240 Sed
604 1203 700 1252 quid
739 1213 797 1240 est
835 1204 1038 1252 infidelips
1078 1219 1198 1254 quam
1243 1208 1365 1255 quod,
1412 1220 1455 1244 ex
1498 1208 1569 1244 tali
1612 1208 1805 1256 religione

486 1261 648 1298 inventa
680 1262 926 1309 humanitus,
961 1273 1149 1300 causatur
1183 1264 1370 1301 meritum
1400 1267 1450 1302 ad
1474 1267 1581 1314 quod
1614 1279 1696 1302 non
1727 1275 1805 1302 stat

487 1332 770 1368 quemcunque
794 1333 892 1368 pure
915 1323 1136 1358 secundum
1169 1321 1405 1370 religionem
1430 1323 1549 1360 Cristi
1582 1324 1805 1372 attingere?

198 1381 473 1445 ggievffiptzxgggg
547 1380 655 1426 Papa
688 1378 810 1426 igitur
832 1380 1004 1416 solveret
1028 1379 1312 1428 colligaciones
1335 1380 1555 1429 impietatis
1582 1381 1626 1428 si,
1659 1382 1805 1418 virtute

228 1453 264 1479 an
287 1452 388 1487 priors
410 1451 444 1477 of
487 1448 600 1472 sacre
633 1436 867 1473 obediencie
901 1437 1033 1474 debite
1068 1439 1142 1474 deo
1175 1447 1213 1475 et
1246 1438 1293 1485 ei,
1328 1439 1553 1488 preciperet
1583 1440 1806 1488 cuicunque

209 1486 463 1556 Orfiegntgraglive
488 1493 694 1541 preposito
727 1494 816 1530 talis
849 1495 994 1543 privati
1028 1495 1180 1532 ordinis
1220 1496 1454 1544 dispensare
1494 1511 1583 1534 cum
1618 1498 1806 1534 omnibus

199 1556 412 1591 dispensatim
433 1559 464 1582 to
488 1551 568 1588 suis
602 1551 805 1598 subiectis,
844 1561 888 1589 ut
926 1566 999 1601 pro
1038 1566 1110 1590 sua
1149 1553 1317 1602 periodo
1356 1568 1437 1592 non
1469 1557 1519 1592 ad
1552 1556 1673 1592 talem
1708 1555 1806 1593 obli-

211 1591 459 1652 Q‘qssjscssufflgffi}
488 1609 713 1657 gacionem,
755 1610 1061 1658 professionem,
1102 1612 1395 1660 obedienciam,
1436 1615 1497 1650 vel
1534 1623 1672 1650 votum
1718 1626 1805 1662 per-

226 1660 441 1722 Πῗζίξὲῐξῑζὲξξῦ
488 1676 654 1715 petuum
694 1668 982 1716 astringantur.
1027 1670 1115 1706 Hoc
1154 1670 1260 1706 enim
1301 1680 1358 1707 est
1390 1671 1593 1719 possibile,
1634 1681 1672 1708 et
1703 1673 1806 1708 foret

223 1729 447 1757 claustrallife-
490 1725 623 1761 multis
657 1725 931 1772 meritorium]
971 1740 1122 1774 ymmo,
1162 1737 1326 1776 possent
1365 1741 1456 1765 cum
1496 1729 1564 1765 illo
1596 1729 1726 1767 vivere
1765 1729 1805 1765 in

489 1783 695 1820 communi
736 1784 1019 1832 claustraliter,
1066 1786 1212 1822 habere
1257 1786 1392 1823 omnia
1431 1787 1471 1823 in
1511 1788 1729 1835 communi,
1770 1797 1806 1824 et

487 1854 645 1877 servare
679 1851 825 1878 cuncta-
855 1842 1021 1879 liberius
1055 1856 1131 1891 que
1154 1844 1283 1880 forent
1307 1845 1354 1880 de
1378 1845 1630 1893 perfeccione
1653 1845 1805 1882 ordinis

201 1904 270 1942 And
292 1898 692 1945 ti1is>vouldCristianL
739 1901 865 1946 Unde,
906 1901 998 1949 quia
1037 1903 1259 1938 secundum
1291 1903 1491 1939 Thomam
1536 1904 1619 1948 (ubi
1651 1906 1804 1952 supra),

200 1939 472 2007 ᾞζηξζξίᾟξῖιὶᾚῑιξὲ
489 1957 620 1993 solum
646 1957 822 2004 castitas,
857 1958 1094 1996 obediencia
1129 1968 1166 1995 et
1198 1970 1414 2008 paupertas
1443 1970 1534 1998 sunt
1557 1963 1604 1998 de
1628 1962 1805 1998 essencia

200 2008 474 2070 thetlsgcruelgtrsskajtn
490 2015 763 2064 cuiuscunque
796 2015 940 2063 privati
973 2017 1147 2063 ordinis;
1181 2030 1272 2054 cum
1296 2018 1417 2067 igitur
1441 2020 1513 2055 hec
1537 2020 1805 2056 communiter

349 2064 365 2077 Γ,

281 2078 392 2113 clergy.
489 2073 690 2120 pertinent
734 2073 961 2123 cuicunque
1006 2075 1207 2112 sacerdoti
1245 2077 1306 2113 vel
1344 2090 1443 2125 pure
1489 2077 1649 2124 clerico,
1696 2087 1805 2126 patet

558 2215 584 2234 2.
606 2207 721 2234 neutris
742 2208 771 2235 in
792 2216 894 2244 marg.
915 2209 986 2235 add.
1011 2209 1044 2236 D.
1131 2209 1155 2237 3.
1178 2210 1345 2237 obmittens
1365 2212 1408 2244 A;
1430 2211 1470 2238 ib.
1492 2212 1691 2239 commendat
1711 2212 1801 2240 CDE.

489 2241 513 2268 5.
540 2242 702 2269 obmittere
728 2244 773 2273 A:
802 2244 945 2270 omittere
974 2243 1034 2271 CE.
1150 2245 1177 2272 6.
1210 2245 1426 2279 possidonium
1457 2246 1491 2274 C.
1598 2246 1625 2274 8.
1651 2247 1743 2282 igitur
1769 2247 1802 2275 C.

489 2284 517 2310 9.
541 2277 659 2310 privata
687 2277 791 2312 religio
819 2278 854 2304 ad
884 2278 956 2311 quid
985 2278 1101 2314 obligat
1126 2279 1157 2306 in
1181 2288 1283 2310 marg.
1304 2288 1370 2315 sup.
1392 2280 1426 2308 C.
1529 2289 1570 2308 10.
1592 2281 1739 2308 uliverius
1760 2281 1802 2314 D3

489 2318 571 2337 corr.
595 2311 634 2344 li;
655 2312 693 2338 ih.
715 2312 758 2338 sic
778 2312 871 2347 igitur
892 2313 925 2340 C.
1019 2320 1056 2340 12.
1079 2313 1224 2348 dispensa
1245 2307 1279 2342 C.
1368 2314 1406 2341 13.
1429 2315 1540 2342 diaboli
1562 2316 1740 2343 obediencia
1762 2316 1802 2349 C;

489 2345 610 2376 dyaboli
632 2346 694 2372 DE.
780 2355 821 2379 14.
843 2347 873 2374 in
895 2355 995 2382 marg.
1024 2352 1092 2374 nota
1116 2348 1153 2378 B:
1181 2349 1221 2375 ib.
1244 2357 1279 2375 ne
1302 2357 1337 2376 ne
1358 2349 1393 2377 C.
1485 2349 1520 2377 15.
1542 2350 1640 2385 inquit
1660 2351 1685 2377 ei
1707 2350 1802 2383 CliE;

488 2377 527 2406 ib.
556 2380 647 2407 inlide
675 2381 708 2408 C.
794 2389 835 2414 19.
864 2390 936 2416 ergo
964 2385 1007 2415 υς
1035 2383 1075 2409 ih.
1103 2384 1201 2409 solnet
1227 2383 1266 2415 C:
1295 2384 1438 2411 solberet
1463 2384 1496 2411 E.
1570 2393 1608 2412 21.
1631 2385 1687 2412 sibi
1708 2385 1802 2412 ADE.

488 2421 530 2440 21¹.
555 2415 664 2448 privati
686 2415 771 2442 deest
790 2417 828 2442 A.
902 2415 944 2442 23.
969 2419 1084 2451 perydo
1106 2417 1139 2444 C.
1214 2421 1259 2445 2⁷0.
1282 2423 1387 2453 posset
1401 2419 1489 2445 ABE.
1563 2420 1607 2446 28.
1630 2421 1665 2446 ad
1689 2420 1803 2454 perfec-

488 2449 607 2476 cionem
630 2449 691 2476 DE.
765 2458 811 2485 29.
833 2451 903 2484 qnia
924 2451 1008 2478 deest
1027 2460 1130 2478 omnes
1150 2452 1241 2479 MSS.
1314 2452 1353 2480 31.
1374 2462 1446 2488 ergo
1462 2453 1557 2488 CDE;
1579 2455 1618 2481 ib.
1640 2456 1697 2481 hoc
1712 2455 1801 2482 CDE.

488 2482 527 2510 31.
551 2484 681 2517 pertinet
703 2492 808 2511 omnes
829 2485 919 2512 MSS.

557 2565 588 2598 (5.
616 2568 663 2598 St.
696 2569 784 2609 Aug.
816 2568 872 2599 De
901 2569 1084 2611 Conjugiis
1117 2570 1346 2609 Adulterinis,
1379 2572 1426 2602 ad
1460 2572 1690 2608 Dollentiztm,
1723 2573 1744 2603 l.
1778 2574 1800 2612 ’1,

490 2622 562 2653 cap.
581 2614 656 2644 XIV
676 2614 817 2655 (Migne,
835 2621 857 2645 t.
876 2615 947 2654 XL,
968 2625 1000 2656 p.
1018 2614 1113 2658 459).
1211 2626 1264 2648 20.
1291 2618 1318 2648 It
1343 2627 1456 2649 seems
1482 2617 1564 2649 here
1588 2618 1661 2649 that
1675 2620 1807 2661 Wyclif

490 2660 697 2690 contradicts
723 2660 983 2692 himselfwhen
1008 2661 1052 2692 he
1078 2662 1202 2703 speaks
1228 2663 1267 2693 of
1289 2663 1346 2694 the
1372 2665 1502 2695 ‘sacred
1526 2665 1715 2696 obedience
1735 2666 1802 2697 due

489 2711 524 2735 to
542 2704 598 2736 the
618 2706 734 2746 Pope'.
761 2706 837 2737 The
858 2708 1106 2738 contradiction
1128 2709 1211 2739 does
1230 2716 1291 2740 not
1312 2710 1396 2741 exist
1416 2711 1448 2741 in
1470 2711 1599 2753 reality,
1626 2710 1800 2751 however,

489 2750 546 2781 the
584 2761 729 2793 passage
762 2752 843 2794 only
870 2753 987 2784 shows
1019 2753 1091 2784 that
1116 2755 1249 2796 Wyclif
1276 2756 1394 2787 would
1426 2756 1515 2788 have
1547 2758 1749 2789 considered
1783 2768 1801 2789 a

491 2797 586 2838 Pope
612 2797 692 2828 who
718 2797 868 2839 thought
893 2799 960 2830 like
985 2799 1129 2831 himself
1151 2810 1187 2831 as
1213 2800 1271 2832 the
1297 2803 1377 2833 ‘real
1398 2803 1501 2834 Vicar
1525 2803 1565 2835 of
1589 2803 1724 2835 Christ.’
1752 2804 1802 2836 Or

489 2843 533 2874 he
560 2853 637 2886 may
666 2844 707 2875 be
734 2845 878 2886 arguing
906 2845 994 2876 from
1021 2845 1074 2877 his
1102 2849 1308 2889 opponents'
1335 2849 1434 2890 point
1460 2849 1499 2881 of
1521 2851 1622 2881 view.

1832 430 1940 462 Galat.

1833 478 1870 516 ΙΙ,
1897 487 1933 517 43

1828 524 1869 563 V,
1903 524 1938 557 115

1825 874 1861 894 10

1830 1060 1944 1092 Eccle.

1842 1108 1883 1157 Y,
1914 1108 1929 1140 3

1825 1164 1860 1186 13

1822 1734 1861 1766 25
