2067 3298
223 222 310 250 CAP.
333 222 441 250 xv111.
680 226 736 257 DF,
765 226 1071 258 BLASPHEMIA.
1744 231 1822 268 277

221 331 400 368 tudinem
434 341 471 369 et
506 332 758 369 modestiam.
799 332 1024 369 Affabilitas
1057 343 1166 381 patet
1199 347 1242 370 ex
1275 334 1382 370 dulci
1416 335 1536 371 collo-

222 390 316 438 quio
373 403 462 426 cum
519 390 765 426 samaritana
817 392 903 427 Joh.
958 404 995 437 4.
1044 404 1133 427 cum
1193 405 1384 439 cananea,
1444 405 1533 429 cum

221 448 459 496 Magdalena
493 450 563 484 Lu.
600 452 657 495 70.
693 450 740 484 de
779 450 937 485 Martha
977 458 1013 485 et
1046 450 1230 497 paciente
1277 450 1442 496 fluxum,
1488 452 1535 486 de

221 515 408 542 accusata
441 508 488 542 de
521 506 720 543 adulterio
752 507 839 545 Joh.
876 507 912 552 8,
959 508 1006 543 de
1039 507 1273 545 mulieribus
1313 508 1443 557 ipsum
1478 521 1536 544 se-

74 569 111 599 Ε.
188 563 446 612 §quentibus,
482 566 530 600 de
563 564 706 613 quibus
740 574 922 612 sumptus
955 575 1186 613 susceperat
1221 568 1314 603 Luc.
1342 570 1401 614 90.
1437 568 1533 603 Item

98 627 179 657 Luc.
220 624 267 658 de
301 622 593 670 peccatoribus,
640 624 687 658 de
719 622 1014 670 predestinatis,
1060 623 1284 661 Nicodemo
1329 624 1531 673 phariseo,

71 673 156 711 Vfflv
186 673 306 716 ⁴³'Joh.
344 680 400 716 30.
434 681 591 717 Zacheo
625 681 855 728 publicano,
891 682 984 717 Luc.
1017 694 1076 729 19,
1112 691 1149 718 et
1184 682 1319 719 multis
1352 682 1459 727 aliis;
1495 692 1531 719 et

219 739 267 774 de
299 738 475 786 parvulis
508 752 606 787 quos
638 739 763 775 voluit
796 739 918 775 libere
951 741 1155 785 accedere,
1191 750 1227 777 et
1261 741 1533 789 complectens

219 805 256 832 et
288 796 485 844 inponens
519 810 659 833 manus
694 799 742 833 ab
776 797 853 833 illis
885 798 1010 834 voluit
1042 798 1212 835 laudari.
1247 800 1325 835 Sed
1350 799 1532 835 comuni-
1591 808 1789 847 He'rebuked

166 867 204 888 10
219 856 348 891 cando
382 867 471 891 cum
507 855 702 903 phariseis
737 864 773 891 et
808 855 989 903 prescitis
1022 856 1234 892 durissime
1258 859 1326 893 sed
1351 858 1532 893 modeste
1623 851 1745 870 smners

1547 878 1683 913 severely
1702 877 1824 913 indeed,

219 925 285 949 eos
318 913 535 961 redarguit,
569 922 612 949 ut
644 922 753 961 patet
788 914 929 950 Matth.
966 914 1037 960 233
1083 914 1123 950 in
1163 916 1388 963 exemplum
1424 917 1531 963 quod
1560 913 1760 975 moggiaiiiatri'
1785 956 1817 975 as

217 983 304 1016 nos,
344 983 434 1007 cum
468 971 544 1007 illis
578 973 867 1017 conversando,
913 985 994 1008 non
1026 973 1324 1020 applaudamus
1357 982 1533 1021 peccatis
1548 983 1824 1022 qnexampletpus

219 1041 372 1074 eorum,
407 1029 499 1065 facti
533 1042 671 1066 eorum
706 1029 938 1077 participes,
972 1032 1038 1066 sed
1074 1032 1171 1067 dure
1196 1044 1263 1067 eos
1286 1031 1533 1079 increpando
1557 1017 1825 1079 {Qiffiussh‘sseffl'ssff

218 1099 264 1123 ac
307 1086 409 1123 vicia
463 1089 755 1135 exprobrando,
809 1097 964 1124 servata
1017 1088 1182 1126 caritate
1228 1098 1265 1125 et
1310 1088 1533 1126 dileccione
1566 1086 1813 1149 siniiiessg-Stilfose

165 1147 202 1180 15
217 1154 372 1194 nature,
417 1146 635 1182 debeamus
674 1158 778 1182 nunc
818 1146 948 1182 lucide
982 1155 1019 1182 et
1052 1160 1158 1184 nunc
1197 1148 1408 1183 tenebrose
1442 1157 1577 1196 cumin
1601 1158 1825 1195 powg-those

217 1202 367 1250 triplici
401 1203 578 1239 manerie
612 1212 870 1251 peccatorum
897 1205 944 1240 de
978 1205 1123 1252 quibus
1157 1218 1367 1254 speramus
1401 1218 1534 1241 emen-
1548 1191 1828 1260 gafinfltezhs'nsssngf

218 1262 287 1296 das
326 1261 605 1308 gravaminum
653 1261 927 1298 commisceri:
968 1262 1119 1299 scilicet
1164 1276 1253 1300 cum
1302 1263 1533 1311 potentibus
1557 1261 1658 1323 ζξξὲξιθά
1689 1265 1812 1323 ronridteo

217 1327 285 1355 aut
329 1318 553 1367 publicanis
598 1332 643 1356 ac
689 1320 863 1356 dominis
909 1329 945 1356 et
992 1320 1184 1358 ministris
1230 1323 1396 1368 mundo,
1443 1334 1532 1358 cum
1674 1304 1731 1332 yp
1806 1316 1811 1321 ’

219 1377 407 1413 mollibus
462 1377 711 1414 muliebriter
763 1378 925 1424 indutis,
981 1379 1048 1427 qui
1094 1381 1143 1415 ad
1188 1388 1355 1427 peccata
1404 1379 1534 1416 carnis

161 1447 202 1469 20
218 1435 456 1483 generaliter
490 1435 747 1482 inclinantur²
782 1445 818 1472 et
850 1449 939 1472 cum
976 1437 1237 1474 mundialiter
1269 1437 1535 1486 superbienti-

218 1494 303 1537 bus,
349 1492 483 1530 iocose
516 1493 828 1539 lascivientibus,
874 1495 1067 1532 excecatis
1106 1508 1200 1532 ceca
1244 1496 1446 1544 superbia,
1491 1504 1535 1532 ut

218 1551 415 1599 parvuli.'’
471 1552 671 1591 “Omne'’.
726 1552 869 1600 inquit,
917 1555 1053 1601 “quod
1099 1563 1156 1590 est
1200 1554 1241 1590 in
1280 1555 1432 1590 mundo
1478 1563 1536 1590 est

218 1608 382 1657 aliquod
428 1610 571 1646 horum
617 1610 753 1646 trium.
794 1610 878 1656 His,
924 1610 1104 1660 inquam,
1151 1612 1276 1648 instar
1310 1612 1431 1649 Cristi
1470 1613 1536 1648 de-

217 1669 356 1704 bemus
390 1680 472 1704 esse
505 1668 699 1715 affabiles,
733 1669 942 1705 hortantes
974 1670 1111 1718 fugere
1139 1670 1241 1707 vicia
1275 1679 1312 1707 et
1345 1670 1534 1718 prosequi

161 1727 200 1759 25
217 1738 340 1773 opera
371 1726 591 1762 virtuosa.’'
627 1728 682 1762 Ex
704 1726 787 1763 istis
822 1727 937 1763 dictis
972 1728 1087 1764 huius
1121 1728 1248 1765 sancti
1282 1737 1392 1778 patet
1425 1730 1531 1777 quod
1569 1734 1625 1762 We
1646 1740 1727 1774 must
1749 1740 1801 1774 not

217 1785 409 1820 debemus
454 1784 712 1821 comunicare
757 1798 847 1821 curn
887 1785 962 1822 ista
998 1782 1048 1822 30¹
1084 1787 1261 1823 manerie
1305 1786 1530 1832 hominum,
1554 1770 1705 1797 theretore
1726 1771 1815 1797 av01d

1555 1805 1818 1832 communicationi

219 1841 346 1878 modis
379 1841 472 1888 suis,
518 1844 736 1879 secundum
773 1844 882 1892 quod
916 1844 1117 1881 credimus
1151 1847 1200 1881 ad
1235 1846 1431 1881 honorem
1467 1844 1530 1881 dei
1555 1840 1818 1903 “gsslssietssveffl'sffgt

217 1908 253 1936 et
272 1900 496 1948 profectum
525 1901 691 1938 ecclesie
722 1901 810 1949 plus
839 1904 1042 1949 prodesse.
1078 1903 1238 1948 “Non'',
1265 1902 1410 1951 inquit,
1436 1904 1530 1939 “de-
1553 1910 1592 1951 <io
1613 1910 1695 1949 rhem
1718 1911 1817 1950 ἕψω

216 1959 355 1994 bernus
388 1961 591 1996 noscendo
624 1968 801 1996 nostram
828 1960 1119 2008 fortitudinem,
1153 1960 1529 1998 comunicacionem
1548 1945 1814 2008 (ἐξῆᾌῗιζῐξοᾘὲἶ

161 2020 474 2064 Βορεοοᾶῑοτυῑῃ
524 2017 742 2066 auffugere.
798 2031 887 2055 cum
924 2018 1076 2055 Cristus
1131 2019 1386 2056 manducavit
1440 2032 1530 2055 cum
1565 2015 1812 2078 outWtilffiirhissins,

217 2075 511 2122 peccatoribus,
545 2084 588 2111 ut
612 2085 777 2123 peccata
807 2077 968 2122 deleret,
1002 2090 1048 2113 ac
1072 2089 1162 2113 cum
1188 2077 1242 2113 eis
1267 2077 1530 2125 pernoctavit,
1583 2084 1740 2120 disciples,
1761 2090 1792 2113 to

217 2133 358 2169 Matth.
376 2145 419 2180 93
444 2146 534 2169 curn
554 2134 820 2170 familiaribus
844 2143 886 2170 ut
905 2147 1042 2171 eorum
1063 2134 1323 2172 devocionem
1347 2134 1531 2181 nutriret,
1570 2121 1808 2189 hzzsgfigssflssffi

215 2192 274 2226 Jo.
297 2201 363 2236 123
398 2200 435 2227 et
458 2203 549 2227 curn
574 2192 782 2240 phariseis,
807 2202 849 2229 ut
872 2205 1011 2229 eorum
1035 2193 1265 2241 superbiam
1291 2194 1531 2240 confutaret,
1556 2189 1823 2252 wtighccfirilssoqissedes‘

217 2257 259 2284 ut
292 2257 401 2296 patet
424 2251 519 2286 Luc.
546 2254 604 2297 70,
638 2250 706 2287 ubi
738 2251 971 2298 phariseum
994 2251 1034 2287 in
1058 2251 1355 2299 conparacione
1380 2251 1532 2299 magni·
1589 2260 1668 2286 their
1690 2259 1788 2294 pride.

162 2308 200 2341 35
216 2306 354 2343 tudine
379 2307 573 2355 corripuit
596 2308 636 2343 in
663 2304 757 2353 3¹³¹¹⁵‚
792 2308 832 2345 in
856 2309 999 2357 quibus
1024 2308 1111 2357 ipsa
1135 2309 1345 2357 prevaluit,
1379 2309 1532 2345 scilicet

216 2364 257 2400 in
288 2377 368 2400 non
407 2364 564 2401 locione
602 2367 765 2413 pedum,
810 2366 851 2402 in
888 2379 969 2403 non
1007 2367 1225 2403 affeccione
1263 2376 1420 2403 ostensa
1462 2380 1532 2415 per

217 2423 414 2469 osculum,
448 2432 485 2459 et
517 2423 557 2459 in
590 2437 670 2460 non
703 2424 905 2461 hilaritate
938 2424 1095 2472 signata
1127 2437 1198 2472 per
1229 2425 1405 2461 oleum.’'

286 2599 305 2617 1.
328 2591 442 2621 duplici
463 2591 528 2619 AC.
621 2600 644 2620 2.
667 2593 822 2619 chananea
846 2592 882 2626 C;
916 2593 952 2620 ib.
975 2593 1020 2619 vel
1043 2601 1104 2628 pro
1132 2601 1200 2620 cum
1228 2593 1315 2628 after
1337 2601 1472 2620 cananea
1491 2594 1530 2620 A.

216 2624 240 2651 3.
262 2625 320 2651 luc'
340 2625 382 2652 VI
403 2626 436 2653 (j.
528 2636 556 2659 4.
583 2627 650 2654 Joh.
672 2627 688 2654 8
716 2627 797 2654 deest
818 2627 848 2654 Β.
939 2628 962 2654 5.
992 2636 1043 2654 sus
1070 2627 1156 2654 deest
1183 2627 1216 2655 C.
1309 2628 1335 2655 6.
1365 2628 1401 2654 de
1421 2628 1531 2663 before

218 2660 430 2694 peccatoribus
455 2661 542 2688 deest
566 2662 604 2695 133
635 2662 723 2697 prius
751 2662 787 2688 de
806 2670 903 2700 supra
933 2663 1047 2689 lineam
1073 2663 1171 2700 suppl.
1199 2662 1241 2695 C;
1268 2662 1308 2689 ib.
1330 2662 1367 2690 de
1393 2662 1480 2690 deest
1498 2663 1529 2690 B.

217 2701 245 2728 9.
269 2693 346 2722 Cum
364 2703 422 2729 pro
444 2696 503 2724 Sed
527 2696 557 2722 Β.
645 2705 683 2723 10.
701 2696 862 2723 dimissive
876 2698 913 2723 A.
1001 2705 1033 2724 11.
1055 2701 1154 2730 arguit
1187 2696 1220 2724 C.
1313 2697 1349 2724 15.
1370 2697 1450 2724 licite
1463 2697 1529 2724 AC.

217 2760 255 2787 17.
278 2739 380 2788 ffuaffil
401 2754 445 2785 A;
473 2754 511 2780 ib.
533 2753 674 2781 videlicet
694 2755 725 2782 Β.
821 2755 859 2783 18.
881 2764 915 2783 ac
936 2756 975 2789 C3
1003 2756 1040 2783 ib.
1064 2760 1096 2782 ut
1113 2764 1173 2790 pro
1195 2764 1228 2783 ac
1249 2755 1309 2783 BC.
1402 2764 1448 2783 20.
1470 2756 1530 2783 ori-

216 2787 356 2820 ginaliter
376 2788 438 2814 AB.
523 2787 564 2815 23.
587 2789 685 2824 inquit
708 2789 769 2817 AR.
862 2790 906 2818 28.
928 2791 1054 2826 inquam
1076 2799 1179 2818 omnes
1199 2790 1290 2818 MSS.
1381 2790 1426 2823 34.
1451 2796 1530 2826 patet

216 2822 301 2849 deest
319 2822 375 2849 Bc.
496 2821 545 2856 34,
564 2822 604 2850 35.
634 2830 733 2857 magsst‘
748 2826 790 2857 Α;
820 2826 999 2860 magdalene
1020 2825 1053 2852 C.
1186 2824 1228 2853 35.
1252 2826 1367 2853 scilicet
1387 2826 1474 2853 deest
1491 2827 1528 2853 A.

222 2855 266 2891 37.
288 2865 349 2884 non
370 2857 399 2884 in
421 2857 488 2892 Ass;
519 2858 555 2885 ib.
578 2858 607 2885 in
628 2858 713 2886 deest
732 2859 766 2887 C.
