2067 3298
259 241 347 269 cim.
369 240 422 269 Ν.
723 242 781 273 DE
810 241 1116 272 BLASPHEMIA.
1817 230 1864 266 53

259 352 387 386 Nemo
421 348 525 385 enim
560 348 655 384 wult
688 347 915 383 inordinate
949 355 1202 383 commutare
1234 346 1475 394 temporalia
1504 358 1577 393 pro

260 407 418 452 eternis,
453 406 676 454 spiritualia
710 418 781 453 pro
814 404 1120 453 temporalibus,
1153 404 1228 440 nisi
1258 403 1327 452 qui
1350 403 1579 439 inordinate

260 465 434 502 afficitur
480 465 529 500 ad
573 473 746 507 terrena,
793 472 830 499 et
868 475 938 511 per
978 474 1227 510 consequens
1266 474 1346 498 non
1386 461 1470 498 sine
1504 462 1579 497 hoc

263 522 531 560 committitur
564 521 761 570 symonia.
808 523 856 557 Et
889 521 944 557 ita
975 520 1132 557 videtur
1163 519 1378 568 obligacio‚
1418 521 1466 555 de
1499 532 1579 567 quo

228 582 358 629 Spsal.
402 584 518 626 1240:
568 580 816 616 Declinantes
858 586 984 615 autem
1030 579 1066 614 in
1111 578 1371 628 obligaciones
1414 577 1582 613 adducet

106 629 244 697 CprSiV‚
261 639 437 675 dominus
460 651 544 674 cum
569 637 817 687 operantibus
839 637 1087 686 iniquitatem.
1124 638 1171 672 Et
1197 640 1255 682 20,
1285 648 1404 672 nemo
1429 634 1581 671 excedit

175 699 188 726 5
259 696 406 733 limites
430 696 550 733 Cristi
573 695 791 743 religionis,
826 694 899 731 nisi
934 694 1046 731 cuius
1079 694 1236 730 animus
1263 693 1382 730 nimis
1406 693 1581 729 afficitur

260 757 309 792 ad
343 763 514 791 terrena.
562 756 654 790 Ideo
688 755 804 790 docet
836 754 1019 799 Jacobus,
1061 752 1155 800 quia
1188 753 1363 788 secunda
1396 764 1487 799 pars
1521 763 1580 787 re-
1648 759 1750 787 which
1770 761 1820 787 the

260 812 419 861 ligionis
459 821 516 848 est
557 812 761 848 hominem
802 824 841 847 se
880 811 1171 846 immaculatum
1205 809 1401 846 custodire
1432 811 1478 845 ab
1512 810 1582 845 hoc
1614 795 1846 856 {vffifffcshosfhgffi

208 885 246 905 10
260 871 400 907 seculo.
435 872 549 907 Unde
583 879 671 906 orat
705 869 885 914 ecclesia,
911 872 982 905 “ut
1014 868 1069 904 sic
1098 878 1351 905 transeamus
1378 879 1448 916 per
1477 869 1583 903 bona
1614 864 1860 926 {begffigtzssesffffg

261 928 502 977 temporalia
534 936 577 964 ut
610 940 691 964 non
724 927 957 963 amittamus
992 927 1171 972 eterna⁷';
1206 929 1277 962 “ut
1309 927 1406 962 deus
1440 926 1582 962 doceat
1603 907 1620 934 g
1859 921 1864 926 ’

261 999 334 1022 nos
367 995 526 1022 terrena
560 985 766 1033 despicere
800 994 837 1021 et
870 996 1008 1021 amare
1032 984 1220 1021 celestia''
1247 993 1284 1021 et
1319 986 1390 1019 “ut
1414 983 1582 1019 terrenis

263 1044 548 1081 affeccionibus
582 1043 772 1091 mitigatis
805 1042 961 1079 facilius
995 1042 1156 1079 celestia
1191 1042 1438 1090 capiamus''.

183 1107 222 1138 B.
320 1104 375 1138 Ex
427 1091 502 1138 ist'a
547 1101 750 1138 sentencia
796 1100 961 1137 ecclesie
1006 1113 1095 1136 cum
1143 1099 1392 1148 experiencia
1432 1108 1469 1135 et
1507 1099 1584 1135 fide
1634 1108 1839 1135 Allheresies

210 1163 246 1196 15
262 1160 459 1208 scripture
493 1159 694 1207 colligitur
727 1160 837 1207 quod
869 1158 1001 1194 omnis
1035 1158 1183 1195 heresis
1206 1159 1267 1194 vel
1299 1166 1510 1206 peccatum
1545 1156 1585 1191 in
1618 1142 1849 1212 proggegrgffim

265 1217 462 1254 militante
496 1217 665 1254 ecclesia
697 1226 774 1253 stat
808 1217 847 1252 in
876 1217 977 1252 libra
1003 1216 1043 1252 in
1065 1229 1144 1264 qua
1168 1216 1333 1252 affectus
1357 1217 1406 1251 ad
1430 1224 1586 1262 tempo·
1617 1213 1805 1274 attaffiffiesst
1825 1217 1856 1239 to

264 1276 363 1312 ralia
396 1285 432 1312 et
456 1284 606 1312 eterna.
640 1274 965 1323 Appendiculum
990 1283 1124 1311 autem
1155 1276 1272 1310 breve
1296 1272 1583 1322 temporalium
1658 1255 1820 1317 tempg’ral.

263 1335 598 1382 preponderatur‚
634 1335 729 1369 dum
762 1345 901 1369 omnes
935 1341 1109 1380 querunt
1138 1345 1215 1380 que
1239 1345 1309 1368 sua
1332 1340 1423 1367 sunt
1447 1343 1585 1367 secun-

264 1394 359 1428 dum
394 1391 599 1428 racionem
633 1404 713 1440 qua
745 1391 823 1427 illis
856 1399 947 1427 sunt
981 1390 1158 1439 propria,
1193 1399 1231 1426 et
1257 1403 1337 1427 non
1361 1390 1583 1426 secundum

206 1463 248 1484 20
264 1450 468 1487 racionem
510 1463 588 1498 qua
620 1458 712 1485 sunt
752 1448 985 1485 communia
1026 1448 1251 1485 communis
1292 1447 1461 1484 dominii
1493 1448 1585 1482 Jesu

265 1507 397 1545 Cristi.
451 1510 498 1544 Et
543 1507 597 1544 sic
641 1508 807 1555 longum
853 1506 1164 1555 appendiculum
1217 1518 1317 1554 eque
1361 1506 1460 1542 libre
1506 1516 1585 1553 quo

264 1566 428 1602 affectus
466 1565 630 1602 viatoris
670 1574 806 1602 eterna
845 1565 1060 1613 respiceret
1097 1577 1178 1601 non
1221 1564 1403 1601 libratur.
1450 1565 1584 1610 Ipsum
1641 1571 1702 1599 We
1722 1571 1763 1598 do
1785 1575 1838 1598 not

265 1623 370 1660 enim
404 1623 629 1669 brachium,
662 1632 828 1672 propter
860 1623 1085 1659 carenciam
1112 1622 1302 1671 ponderis
1326 1622 1433 1670 quod
1458 1606 1878 1675 fidelisheoqlssglhftfflssgsse

264 1682 305 1718 in
337 1682 451 1718 lance
484 1681 649 1718 affectus
682 1681 894 1729 acciperet,
928 1694 1010 1717 non
1034 1690 1209 1718 curatur.
1244 1682 1291 1716 Et
1314 1689 1461 1725 tamen,
1487 1679 1588 1715 sicut
1627 1675 1858 1738 elglfftssffeassseaffit

209 1743 248 1775 25
267 1740 394 1776 celum
420 1749 478 1776 est
501 1752 647 1788 corpus
680 1752 927 1787 supremum,
961 1739 1213 1785 latissimum,
1249 1737 1516 1775 clarissimum
1550 1745 1632 1773 etto
1646 1746 1681 1773 be
1696 1744 1875 1780 compared,

266 1798 429 1846 plenum
464 1797 679 1834 infiuencia
712 1797 876 1833 luminis
900 1806 937 1834 et
960 1797 1108 1833 sanctis
1137 1796 1357 1845 spiritibus,
1392 1795 1448 1832 sic
1481 1804 1587 1831 terra
1661 1781 1820 1851 tgreevlssiigi

266 1864 323 1892 est
340 1868 486 1903 corpus
500 1855 700 1901 infimum,
718 1855 1030 1901 strictissimum,
1047 1855 1334 1903 opacissimum
1360 1862 1397 1890 et
1422 1854 1584 1901 plenum

268 1913 603 1962 corrupcionibus
636 1922 756 1962 atque
790 1913 1042 1950 demonibus.
1082 1915 1131 1949 Et
1164 1914 1235 1949 hec
1269 1912 1445 1949 creditur
1478 1910 1587 1947 racio

268 1984 392 2019 quare
444 1971 628 2008 diabolus
678 1980 836 2008 tantum
882 1971 1006 2008 allicit
1057 1971 1264 2007 hominem
1314 1971 1364 2006 ad
1415 1979 1587 2005 terrena.

211 2034 253 2066 30
268 2029 458 2077 Sophista
498 2029 618 2073 enim,
664 2029 817 2066 racioni
857 2029 1082 2065 contrarius
1122 2038 1158 2065 et
1196 2027 1351 2076 primus
1390 2035 1588 2075 apostata,
1609 2036 1635 2062 It
1655 2035 1680 2062 is
1700 2035 1751 2062 the
1770 2033 1878 2061 devil's

267 2087 410 2123 nititur
443 2089 589 2124 ducere
622 2088 773 2124 scolam
808 2100 921 2124 suam
956 2088 1006 2123 ad
1040 2096 1189 2123 metam
1220 2085 1447 2122 blasfemie:
1482 2086 1590 2133 quod
1691 2070 1788 2097 work.

268 2144 325 2190 fit,
360 2147 523 2194 quando
555 2145 719 2182 falsitati
754 2146 841 2194 plus
875 2144 1136 2194 applauditur
1169 2157 1290 2192 quam
1320 2143 1468 2180 fructui
1491 2142 1591 2178 veri-

268 2202 373 2239 tatis.
409 2205 523 2240 Unde
547 2203 745 2250 diabolus,
768 2212 934 2251 propter
958 2204 1032 2239 hoc
1056 2204 1165 2251 quod
1189 2201 1319 2250 suggit
1345 2201 1589 2249 sangwinem

339 2348 363 2376 5.
385 2349 471 2384 after
486 2356 537 2381 124
557 2349 670 2376 dicitur
686 2348 720 2377 C.
779 2357 813 2376 11.
830 2349 957 2376 edoceat
970 2350 1008 2376 A.
1066 2356 1104 2376 12.
1121 2347 1212 2376 cestia
1226 2349 1264 2375 A.
1322 2356 1364 2381 14.
1379 2346 1488 2383 Etpro
1503 2354 1539 2373 ex
1552 2346 1591 2373 A.

273 2419 314 2445 [ὃ.
342 2418 500 2457 affecionis
526 2418 586 2446 BC.
704 2418 744 2445 18.
772 2426 826 2445 sua
854 2418 939 2446 deest
963 2419 1002 2445 A.
1112 2425 1159 2453 20,
1180 2425 1219 2444 21.
1247 2405 1319 2452 {ula
1345 2416 1397 2444 dni
1424 2407 1482 2444 eliu
1502 2408 1528 2452 ᾖ(
1556 2416 1591 2444 C.

272 2460 320 2486 24.
342 2458 473 2488 aceipiet
491 2453 530 2480 A.
603 2452 650 2480 28.
673 2453 859 2488 corporibus
880 2453 919 2487 ss;
941 2452 1158 2488 corrupcionis
1180 2452 1214 2480 C.
1289 2450 1332 2479 33.
1355 2452 1491 2487 suggerit
1510 2454 1549 2479 A.

348 2546 398 2568 10.
432 2537 531 2567 Brev.
556 2536 660 2567 Rom.
688 2536 777 2568 Coll.
804 2547 867 2578 pro
894 2537 999 2568 Dom.
1025 2537 1067 2568 III
1095 2543 1184 2578 post.
1212 2536 1309 2567 Perit.
1426 2536 1479 2569 33.
1512 2536 1539 2566 It
1564 2536 1592 2566 is

273 2582 428 2623 possible
453 2582 526 2613 that
550 2582 648 2614 these
667 2583 783 2614 words
803 2593 882 2625 may
901 2583 1055 2625 embody
1072 2582 1130 2614 the
1149 2583 1373 2624 superstition
1391 2581 1463 2613 that
1482 2581 1592 2613 devils

275 2628 383 2659 drank
409 2628 468 2660 the
494 2628 600 2660 blood
629 2629 668 2660 of
689 2628 849 2660 witches:

483 2674 650 2706 “There's
677 2685 744 2706 one
771 2685 871 2706 corne
898 2676 1003 2706 down
1030 2681 1066 2706 to
1094 2674 1184 2706 fetch
1210 2674 1264 2706 his
1292 2675 1394 2714 dues;

485 2722 513 2751 Α
540 2721 622 2761 kiss,
650 2731 668 2752 a
695 2721 773 2761 coll,
801 2731 819 2752 a
845 2722 897 2763 sip
924 2721 964 2752 of
987 2720 1123 2755 blood.”

991 2767 1078 2807 (The
1105 2767 1227 2804 xt’itch,
1253 2767 1298 2809 by
1325 2766 1545 2806 Middleton.)

276 2813 343 2843 But
360 2812 502 2854 Wyclif,
529 2822 565 2844 as
590 2813 702 2853 usual,
728 2813 826 2844 takes
851 2813 909 2845 the
937 2814 1059 2856 mystic
1086 2814 1252 2855 meaning
1277 2814 1344 2844 and
1364 2813 1594 2855 spiritualizes

277 2858 491 2900 everything.
535 2862 537 2864 “
