2067 3298
202 241 245 275 18

204 478 270 505 The
291 477 391 503 whole
410 475 462 503 life

253 512 287 539 of
304 511 411 539 Christ

206 547 378 574 condemns
397 546 459 573 this

259 582 348 617 greed
371 581 405 608 of

203 617 355 652 temporal
376 617 469 643 lucre.

240 1182 300 1211 We
322 1182 432 1209 should

213 1218 314 1246 refuse
335 1222 365 1244 to
386 1218 464 1253 obey

212 1254 287 1280 such
309 1261 324 1279 a
347 1252 465 1285 leader;

927 245 1151 277 JOHANNIS
1177 244 1363 275 WYCLIF
1668 239 1756 267 CAP.
1780 238 1801 265 1.

484 364 560 401 que
593 353 688 388 deus
727 352 815 400 plus
854 353 1053 399 ponderat
1093 351 1168 387 fuit
1208 350 1442 398 inprovidus
1482 348 1710 385 ordinando
1744 360 1804 384 re-

486 410 630 447 media.

543 469 743 513 Secundo,
784 476 925 503 contra
956 467 1164 504 veritatem
1200 466 1405 513 finguntur
1445 464 1669 509 mendacia,
1711 476 1802 500 cum

484 526 563 563 vita
597 525 715 562 Cristi
749 527 865 561 docet
902 534 984 562 tam
1024 526 1147 561 verbo
1187 537 1310 572 quam
1349 536 1471 571 opere
1504 524 1611 571 quod
1651 521 1805 569 aufugit

486 586 688 620 detestans
720 583 760 619 in
794 595 834 619 se
868 592 905 620 et
937 583 977 619 in
1010 583 1090 619 suis
1123 582 1283 619 vicariis
1316 583 1396 617 tale
1429 581 1668 617 dominium.
1717 581 1838 625 Qua5

485 643 615 679 fronte
647 641 768 689 igitur
801 641 993 677 blasfeme
1028 640 1237 688 finguntur
1276 639 1351 675 ista
1384 640 1527 675 debere
1560 650 1663 687 pape
1697 650 1806 674 com-

486 709 619 748 petere
651 698 737 747 jure
761 698 905 735 Cristi?
939 698 979 735 Si
1014 698 1136 745 igitur
1170 698 1245 734 iste
1279 699 1355 733 due
1389 709 1559 745 persone
1591 697 1804 739 tolluntur,

485 770 646 794 necesse
687 766 745 793 est
785 756 971 804 spiritum
1012 765 1196 792 sanctum
1238 754 1339 791 tolli.
1388 757 1481 791 Ideo
1520 754 1806 791 inevitabiliter

485 815 667 864 sequitur
705 816 814 863 quod
853 827 959 863 papa
997 827 1078 850 non
1118 823 1227 850 amat
1266 814 1434 850 salutem
1478 813 1611 849 anime
1656 811 1806 848 subditi

486 876 554 910 sed
587 886 657 910 sua
690 882 890 918 stercora3
936 872 1043 921 quia,
1085 872 1367 908 deficientibus
1406 871 1497 916 illis,
1537 884 1619 907 non
1651 871 1807 906 laborat
1829 892 1867 913 10

487 944 598 968 more
631 930 805 979 apostoli
838 930 1074 967 lucrifacere
1107 930 1334 974 animabus,
1376 938 1419 965 ut
1450 938 1560 977 patet
1593 930 1640 964 de
1673 928 1810 965 nacio—

487 990 605 1026 nibus
638 988 820 1026 barbaris
854 988 1148 1028 convertendis,
1194 991 1276 1024 Nec
1316 996 1473 1024 tanturn
1512 987 1702 1023 sollicitat
1736 987 1810 1022 ful-

489 1048 642 1084 minare
658 1059 846 1084 censuras
871 1060 944 1095 pro
968 1046 1135 1083 crimine
1159 1046 1261 1082 sicut
1284 1058 1356 1093 pro
1379 1045 1593 1093 temporali
1617 1054 1808 1089 stercore,

491 1119 581 1142 cum
617 1105 769 1142 crimen
793 1118 865 1153 pro
898 1104 1190 1153 temporalibus
1214 1104 1384 1140 faciliter
1406 1116 1564 1139 summe
1587 1103 1809 1139 simoniace

491 1173 623 1213 potest
656 1163 746 1201 emi.
781 1165 829 1199 Et
863 1164 935 1199 hec
968 1162 1077 1199 racio
1102 1175 1224 1210 quare
1250 1163 1466 1210 prudentes
1490 1161 1604 1197 divisi
1638 1174 1660 1198 a
1694 1161 1866 1203 nobi515

493 1224 634 1259 nolunt
658 1221 749 1258 duci
773 1221 966 1268 regimine
990 1221 1080 1257 talis
1104 1220 1230 1258 ducis,
1256 1220 1430 1256 Caucius
1454 1219 1559 1255 enim
1576 1228 1811 1267 sequeretur

202 1288 316 1315 butthe
332 1280 686 1324 rebemonCristum,
727 1279 919 1327 fugiendo
960 1280 1062 1315 hanc
1100 1279 1408 1326 generacionem
1449 1278 1668 1326 pessimam
1710 1277 1812 1314 anti-

241 1323 275 1350 of
291 1330 349 1349 one
370 1330 441 1349 man

207 1359 294 1385 alone
314 1357 418 1384 would
441 1357 476 1383 be
497 1338 619 1383 cristi,
655 1350 745 1374 cum
779 1336 928 1373 subditi
961 1346 1050 1372 sunt
1083 1336 1116 1373 ei
1151 1336 1409 1373 consentanei
1443 1348 1486 1372 ex
1519 1348 1730 1372 consensu.
1764 1338 1813 1372 Et

266 1393 424 1428 promptly

271 1427 414 1455 crushed.

233 1589 259 1617 It
278 1590 304 1617 is
326 1589 408 1616 safer
428 1593 459 1616 to

235 1625 275 1660 fly
295 1625 375 1652 from
397 1624 458 1651 this

232 1660 409 1699 generation
429 1667 459 1686 1n

497 1405 654 1433 tantum
687 1395 907 1432 inveterata
941 1394 1102 1431 malicia
1125 1394 1305 1440 invaluit,
1342 1395 1450 1442 quod
1479 1393 1597 1430 unius
1620 1394 1813 1442 simplicis

499 1463 784 1491 momentanea
816 1452 983 1489 rebellio
1016 1465 1159 1500 parum
1195 1452 1387 1500 proderit,
1433 1464 1523 1488 cum
1558 1461 1812 1500 satraparum
1831 1470 1873 1491 20

498 1525 665 1549 suorum
700 1510 986 1560 persecucione
1019 1510 1068 1546 sit
1100 1510 1319 1546 statissime
1352 1510 1656 1558 extinguendus.

556 1572 649 1606 Ideo
681 1570 839 1607 videtur
861 1568 993 1605 tucius
1016 1581 1037 1604 a
1061 1568 1326 1616 generacione
1349 1567 1425 1604 ista
1448 1568 1588 1604 saltem
1619 1568 1659 1603 in
1683 1578 1816 1605 mente

499 1628 703 1676 auffugere
727 1636 764 1664 et
787 1628 838 1664 ad
860 1626 1160 1675 proteccionem
1186 1626 1304 1662 Cristi
1328 1626 1557 1673 confugere,
1582 1626 1817 1674 reliquendo

216 1695 305 1730 spuit
325 1694 383 1721 and
405 1694 478 1721 wait
500 1686 821 1723 destruccionem
855 1684 1052 1721 anticristi
1085 1697 1177 1720 cum
1210 1684 1291 1720 suis
1324 1684 1496 1732 satrapis
1521 1683 1583 1720 dei
1608 1684 1816 1721 miraculo.

227 1733 275 1757 tor
294 1729 467 1756 Antichrist

210 1769 241 1791 to
263 1765 297 1791 be
319 1763 423 1791 destro
447 1764 482 1790 ed

230 1800 267 1835 by
287 1807 302 1825 a
324 1799 420 1825 mirac
434 1807 457 1825 e.

500 1743 657 1781 Scimus
691 1744 852 1792 quidem
888 1744 997 1791 quod
1036 1751 1196 1790 oportet
1234 1751 1277 1779 ut
1313 1742 1385 1778 viis
1422 1742 1537 1778 nobis
1571 1743 1817 1779 absconditis
1834 1750 1874 1782 25

499 1803 606 1838 istud
645 1801 814 1847 eveniat,
858 1801 960 1837 sicut
998 1800 1147 1837 scimus
1187 1801 1295 1849 quod
1335 1812 1596 1850 personarum
1642 1802 1817 1850 accepcio

500 1873 573 1896 non
619 1868 674 1896 est
717 1867 810 1909 aput
854 1860 988 1903 deum,·
1029 1859 1098 1895 sed
1141 1859 1176 1893 in
1221 1858 1327 1894 omni
1367 1866 1482 1909 gente
1527 1859 1587 1895 vel
1629 1860 1712 1895 loco
1756 1860 1821 1908 qui

500 1919 624 1968 ipsum
664 1918 862 1961 dilexerit,
900 1924 1080 1965 acceptus
1117 1924 1173 1952 est
1209 1917 1279 1963 illi,
1318 1925 1355 1952 et
1394 1929 1441 1952 eo
1479 1916 1702 1965 accepcior,
1738 1930 1817 1965 quo

501 1976 621 2013 fuerit
653 1975 925 2013 tradicionurn
960 1974 1156 2011 anticristi
1196 1983 1232 2011 et
1266 1974 1510 2022 complicum
1545 1987 1710 2011 suorum
1753 1977 1818 2011 de-

501 2034 740 2070 testabilior.
775 2032 1005 2070 Seminacio
1038 2033 1173 2081 itaque
1206 2033 1290 2068 blas
1320 2028 1324 2084 Ι
1355 2032 1567 2069 femiarum
1601 2043 1638 2069 et
1666 2033 1818 2070 fructus
1835 2041 1876 2073 30
1912 2037 1969 2073 32b

502 2092 563 2129 sui
602 2092 710 2129 modi
745 2091 949 2129 crescendi
983 2092 1100 2127 docet
1132 2091 1269 2138 patule
1301 2091 1410 2139 quod
1433 2090 1588 2127 minera
1612 2091 1818 2128 blasfemie

502 2150 557 2187 ita
588 2149 705 2199 jacet.

519 2319 527 2325 Ὦ
571 2292 601 2317 4.
623 2283 785 2324 signantur
804 2283 842 2310 A.
915 2282 939 2310 5.
961 2282 1089 2318 auffugit
1108 2282 1144 2309 D.
1187 2317 1192 2321 .
1218 2281 1243 2309 5.
1270 2282 1300 2309 in
1322 2283 1403 2317 (post
1426 2284 1466 2321 et)
1484 2283 1569 2310 deest
1588 2281 1621 2310 C.
1695 2282 1723 2309 6.
1748 2292 1820 2317 ergo

504 2319 604 2380 311¹?ssss
622 2318 977 2380 ²?{1bpd‘3l'102‘211ffi2‘2'1np335
997 2317 1031 2345 c.
1048 2361 1088 2380 10.
1105 2325 1246 2379 {effi
1262 2317 1821 2380 35111ίὲόῑῧὲζωέὲὲὦῗςῑῗῖῗῙἜΞζὲῖΞ

505 2397 584 2424 papa
605 2388 634 2414 in
655 2396 755 2423 marg.
777 2388 834 2423 inf.
864 2388 897 2416 C.
989 2394 1027 2419 12,
1050 2386 1088 2414 13.
1110 2387 1265 2414 Censuras
1293 2395 1352 2413 non
1373 2386 1517 2413 fulminat
1542 2395 1598 2422 pro
1619 2387 1747 2414 crimine
1768 2388 1819 2414 sed

505 2431 560 2458 pro
582 2427 715 2449 stercore
735 2423 765 2449 in
785 2431 886 2459 marg.
906 2430 972 2461 sup.
995 2422 1029 2449 C.
1103 2421 1141 2453 13,
1164 2430 1205 2454 ¹4.
1228 2429 1283 2456 pro
1303 2436 1336 2440 --
1357 2429 1412 2456 pro
1433 2421 1463 2448 in
1483 2429 1584 2458 marg.
1603 2430 1669 2457 sup.
1690 2422 1763 2449 add.
1787 2423 1820 2449 1).

506 2466 547 2490 14.
569 2457 692 2484 facilitet
713 2457 754 2487 C:
776 2457 813 2484 ib.
830 2465 1008 2494 symoniace
1024 2456 1055 2483 E.
1131 2457 1166 2483 15.
1184 2456 1349 2491 prudenter
1365 2456 1405 2488 C;
1427 2464 1508 2483 corr.
1530 2464 1567 2483 ex
1582 2457 1743 2491 prudentis
1758 2456 1820 2484 DE.

506 2493 547 2519 10.
569 2492 649 2518 enim
672 2492 752 2519 deest
775 2492 806 2518 Β.
916 2499 957 2526 19.
980 2495 1195 2518 momentanea
1217 2491 1340 2517 rebellio
1361 2490 1395 2518 C.
1509 2499 1549 2518 21.
1572 2499 1697 2518 suarum
1719 2492 1759 2523 E:
1781 2492 1820 2518 ib.

505 2527 585 2553 extin
612 2526 740 2553 wendus
760 2526 793 2553 E.
867 2534 910 2553 22.
932 2524 1164 2560 age'nanone‘C
1185 2526 1267 2559 (sic);
1289 2525 1328 2552 ib.
1350 2525 1440 2552 istam
1456 2525 1490 2553 C.
1564 2524 1607 2552 23.
1629 2527 1772 2561 aufugere
1788 2526 1821 2553 E.

506 2569 552 2595 24.
602 2561 626 2587 ei
655 2562 803 2588 miraculo
831 2561 905 2588 relin
932 2569 1003 2587 uere
1023 2560 1057 2587 C..
1166 2567 1205 2587 21.
1227 2568 1284 2586 nos
1305 2568 1367 2595 pro
1388 2564 1419 2587 ut
1439 2560 1497 2587 viis
1520 2560 1564 2593 A;
1592 2561 1651 2587 hiis
1677 2569 1761 2588 corr.
1782 2561 1819 2588 13:

506 2596 563 2623 viis
585 2595 675 2623 CDE.
748 2602 791 2622 22.
814 2596 900 2623 sicud
952 2617 958 2623 .
1031 2595 1076 2622 28.
1099 2595 1155 2621 erit
1175 2599 1221 2622 est
1241 2594 1275 2622 C.
1351 2593 1387 2622 31.
1409 2595 1491 2630 quod
1512 2595 1598 2622 deest
1614 2596 1652 2622 A.

582 2690 631 2722 15.
657 2690 816 2722 Allusion
841 2697 877 2721 to
902 2689 961 2722 the
979 2691 1140 2722 Western
1167 2689 1307 2721 schism.
