2067 3298
193 267 267 299 144
905 259 1126 292 JOHANNIS
1152 258 1337 289 WYCLIF
1633 252 1721 280 CAP.
1742 252 1778 279 X.

186 377 210 403 It
230 376 255 402 is
277 384 292 402 a
312 375 371 413 fact
391 374 455 400 that
475 367 686 404 sanitatem
711 379 779 403 sue
803 366 947 411 anime,
981 367 1049 401 sed
1073 364 1212 412 pocius
1236 372 1401 411 propter
1425 371 1623 410 questum.
1659 361 1780 397 Cuius

203 413 437 480 ssssstqfigssssisgssl
477 425 667 461 indicium
703 434 773 469 est,
809 426 915 472 quod
949 423 1153 459 confessor
1185 421 1339 457 solicite
1373 420 1503 468 querit
1537 421 1583 455 de
1617 418 1781 454 decimis

187 477 280 507 about
299 479 459 506 tithesetc.
478 493 514 520 et
559 482 838 519 oblacionibus
886 481 1034 516 directe
1079 480 1140 515 vel
1183 479 1396 524 indirecte,
1444 477 1615 524 iniungit
1659 488 1783 524 penas

478 540 743 589 pecuniarias,
789 548 826 575 et
869 538 1018 574 omittit
1058 538 1164 585 quod
1204 537 1306 573 foret
1345 535 1470 584 magis
1514 534 1783 570 necessarium

212 607 305 635 Ifthe
326 613 436 640 money
478 598 646 635 subditis
692 599 741 633 ad
786 597 969 633 salutern.
1024 598 1066 632 In
1121 595 1232 631 cuius
1286 593 1641 630 confirmacionem
1690 591 1817 627 tolle5

200 642 346 675 offerings
366 648 445 666 were
613 655 618 660 -
844 654 850 659 .
953 654 959 659 .
1002 654 1020 672 .·
1391 651 1396 656 .
1520 650 1538 667 .·
1626 650 1632 655 .

229 677 318 703 taken
339 675 418 702 from
479 668 689 705 pecuniam
716 668 737 690 a
761 664 1050 702 penitenciaiio
1085 662 1122 688 et
1155 665 1265 700 spem
1299 653 1412 698 lucri,
1447 660 1484 687 et
1505 652 1656 686 videbis
1681 649 1785 697 quod

232 710 418 772 tgssfffsdtlssff'
479 722 618 751 renuet
651 712 828 748 officium
863 710 1094 747 huiusmodi
1129 710 1396 746 confessiones
1430 708 1631 745 audiendi.

225 781 331 815 longer
352 779 423 805 hear
538 774 585 807 Et
618 770 770 806 utinam
805 782 944 806 omnes
978 769 1214 805 confitentes
1252 769 1381 804 forent
1414 768 1529 815 plene
1565 763 1784 809 informati,

197 817 456 889 ῶὲἓῖἓδῗὲἳῖῃ
480 839 560 865 tam
608 828 813 864 intellectu
851 841 971 876 quam
1018 827 1175 873 affectu,
1222 827 1330 874 quod
1373 826 1483 861 nullo
1529 825 1651 860 modo
1696 835 1788 858 con-

191 904 260 923 men
282 896 369 922 knew
390 893 456 919 well
482 888 668 923 fiteantur
701 886 879 922 solitarie
912 885 982 921 tali
1016 884 1240 932 presbitero
1280 896 1398 932 quern
1439 882 1570 918 sciunt
1606 882 1666 917 vel
1698 893 1788 929 pro-

190 929 657 992 thss¹1t0t¹s¹,{³<*5V1-{³¹{{3‚htbaliliter
690 945 859 980 credunt
892 944 979 991 plus
1012 951 1117 979 stare
1149 955 1222 990 pro
1257 940 1572 978 confessionibus
1612 938 1708 985 istis,
1747 946 1790 973 ut

265 999 392 1072 tconfesfi
481 1004 625 1039 fastum
673 1011 710 1038 et
754 1010 939 1050 questum
987 1002 1144 1047 habeat,
1190 1012 1310 1048 quam
1357 1008 1400 1034 ut
1444 998 1576 1035 anime
1621 995 1790 1033 confessi

278 1052 369 1072 OSUC

242 1080 422 1114 idolatrous,
481 1060 580 1096 lucri
603 1059 737 1096 faciat.
771 1062 872 1096 Nam
897 1071 1036 1096 omnes
1060 1059 1159 1094 tales
1182 1057 1460 1106 penitenciarii
1484 1064 1575 1092 sunt
1598 1055 1789 1103 ydolatre,

241 1116 421 1176 slienpciriiisdal
481 1118 640 1166 leprosi,
675 1117 896 1165 symoniaci
930 1126 966 1153 et
1000 1116 1200 1153 manifesti
1234 1115 1412 1154 heretici,
1445 1113 1553 1150 Nulli
1576 1113 1645 1149 tali
1670 1114 1790 1148 homo

256 1184 396 1216 heretics,
482 1178 598 1212 debet
631 1176 800 1212 scienter
822 1176 883 1211 vel
906 1175 1128 1223 reputative
1147 1175 1234 1222 plus
1259 1173 1440 1210 confiteri
1464 1185 1584 1220 quarn
1609 1171 1791 1215 diabolo;

232 1219 427 1280 tliacxiieffilthe
483 1248 575 1282 ergo
609 1233 827 1270 conclusio.
861 1235 962 1269 Nam
985 1232 1114 1269 omnis
1147 1231 1238 1268 talis
1271 1231 1502 1279 antiquatus
1534 1230 1574 1265 in
1604 1227 1790 1273 avaricia,

204 1300 390 1338 [dolam-cus„
406 1299 454 1325 for
483 1305 552 1341 que
584 1299 639 1328 est
654 1292 874 1343 ydolorum
898 1291 1078 1334 servitus,
1113 1299 1170 1326 est
1194 1289 1346 1325 infideli
1372 1288 1564 1333 deterior,
1599 1300 1674 1335 que
1698 1298 1791 1333 ergo

246 1342 409 1402 ffizffiffffs
485 1349 756 1386 comunicatio
785 1348 972 1385 Cristiani
1005 1350 1055 1384 ad
1087 1348 1235 1383 Belial?
1269 1350 1380 1393 Item,
1414 1347 1504 1382 talis
1537 1344 1791 1393 symoniacus

194 1399 467 1473 {ligsscr'sslgc‘fag'fffi}
484 1417 592 1444 caret
626 1407 800 1443 clavibus
834 1406 1012 1452 ecclesie,
1047 1415 1083 1442 et
1117 1418 1159 1441 ex
1182 1404 1512 1442 comunicacione
1546 1402 1793 1440 contaminat

220 1481 325 1508 power
344 1472 445 1511 ofihe
483 1466 613 1514 ipsum
640 1464 707 1513 qui
737 1466 898 1500 deberet
927 1465 1073 1500 habere
1097 1476 1214 1511 snper
1238 1464 1314 1499 hoc
1341 1461 1655 1499 conscienciam:
1686 1472 1792 1507 ergo,

201 1508 463 1569 kggfftffissffocffl'
486 1523 697 1560 cristianus
743 1535 825 1558 non
859 1523 975 1558 debet
1007 1522 1076 1558 tali
1110 1520 1400 1569 penitenciario
1441 1519 1636 1556 confiteri.
1681 1520 1792 1563 Item,

205 1576 453 1638 tzsbffiessahtfflJJSC-Cl
485 1581 575 1617 talis
608 1580 805 1616 hereticus
840 1589 896 1616 est
919 1579 1127 1627 fugiendus
1152 1587 1191 1614 ut
1212 1579 1395 1622 ethnicus,
1427 1587 1471 1614 ut
1503 1579 1620 1614 docet
1642 1576 1794 1613 Cristus

222 1646 281 1674 We
302 1654 372 1682 may
393 1651 445 1672 not
486 1640 627 1675 Matth.
661 1640 793 1676 XVIII.
828 1640 987 1684 Ymmo,
1021 1637 1249 1685 quicunque
1283 1636 1317 1673 ei
1350 1649 1420 1672 ave
1452 1636 1593 1672 dixerit
1626 1634 1794 1671 comum·-

231 1681 432 1751 §Jgffagffi
486 1697 585 1733 cahit
616 1697 694 1732 eius
726 1696 905 1745 operibus
937 1708 981 1731 ex
1014 1708 1228 1741 consensu;
1274 1707 1380 1742 ergo,
1426 1706 1545 1730 nemo
1584 1694 1700 1729 debet
1740 1691 1795 1727 illi

198 1750 466 1812 consszffihtgssffim.
487 1763 686 1790 secretum
719 1753 876 1801 peccati
909 1755 1079 1801 prodere
1112 1762 1305 1801 tanquam
1341 1752 1461 1788 Cristi
1494 1751 1658 1788 vicario.
1692 1751 1793 1786 Narn

214 1820 239 1846 It
259 1827 338 1846 were
359 1819 453 1846 better
488 1811 740 1849 consciencia
772 1824 844 1847 sua
867 1813 984 1847 debet
1008 1811 1149 1847 dictari
1175 1811 1249 1847 sibi
1273 1809 1526 1858 oppositum:
1561 1810 1677 1845 debet
1703 1820 1796 1856 ergo

199 1854 471 1916 dgdcglnofsssssthn
486 1879 677 1918 peccator
710 1869 893 1905 confiteri
927 1871 1001 1905 deo
1036 1878 1072 1905 et
1104 1882 1185 1905 non
1217 1868 1399 1905 solitario
1441 1867 1607 1912 homini,
1653 1866 1685 1902 si
1716 1878 1797 1902 non

200 1929 231 1950 ¹0
253 1924 328 1950 such
351 1932 366 1950 ²³
388 1931 470 1950 man.
487 1928 584 1964 assit
615 1927 692 1963 nisi
725 1926 953 1975 penitencia
986 1927 1217 1963 huiusmodi
1250 1927 1520 1963 sacerdotum.

544 1988 592 2021 Et
625 1987 675 2021 ad
708 1987 963 2033 probandum
998 1985 1146 2021 dictam
1171 1984 1430 2032 ydolatriam,
1464 1983 1620 2019 utinam
1655 1994 1795 2018 omnes

487 2044 721 2080 confitentes
750 2042 753 2093 Ῑ
783 2043 893 2079 unite
917 2044 1157 2079 subtrahant
1181 2051 1367 2091 questum
1402 2054 1424 2078 a
1456 2054 1528 2078 suo
1553 2041 1795 2085 confessore,

486 2110 530 2137 ut
562 2102 723 2138 videant
756 2101 787 2137 si
821 2114 910 2137 cum
952 2101 1075 2137 Paulo
1115 2109 1256 2149 querat
1300 2101 1449 2136 animas
1488 2112 1559 2135 non
1595 2098 1796 2147 pecuniam

198 2153 471 2214 Ifctgffifffflffisssss'
488 2160 776 2196 confessorum.
812 2160 931 2204 Quod
954 2158 985 2194 si
1009 2159 1190 2206 iniungat
1214 2158 1482 2206 penitenciam
1507 2156 1797 2205 pecuniariam,

206 2223 256 2261 the,
277 2208 463 2257 penitent‘io
487 2217 699 2253 limitando
733 2216 896 2261 <directe
919 2218 980 2253 vel
1012 2216 1220 2259 indirecte)
1255 2218 1363 2264 quod
1396 2216 1480 2263 ipse
1513 2217 1671 2259 habeat,
1707 2226 1798 2250 con-

206 2265 468 2318 evggyehrizcgrsietyffat
489 2275 606 2311 tritus
651 2276 768 2311 debet
812 2275 944 2322 ipsum
993 2275 1215 2322 auffugere3
1263 2287 1353 2310 curn
1403 2286 1522 2310 nemo
1568 2274 1684 2308 debet
1728 2271 1798 2307 tali

205 2326 227 2353 it
247 2326 357 2353 should
378 2334 415 2361 go
436 2331 466 2352 to
489 2341 672 2380 apostate
704 2332 838 2369 taliter
871 2332 1047 2370 obedire.
1090 2334 1209 2377 Quod
1242 2332 1273 2367 si
1306 2331 1540 2379 iniungatur
1571 2329 1798 2379 penitencia

243 2360 375 2390 himself,
398 2362 433 2387 lie

213 2430 247 2456 be
269 2395 408 2457 Sssllffifflgd
429 2430 459 2456 in
491 2404 560 2438 per
594 2390 924 2426 distribucionem
950 2391 1117 2438 pecunie
1150 2390 1190 2426 in
1224 2390 1401 2434 confuso,
1437 2389 1505 2425 fiat
1537 2389 1624 2424 aliis
1652 2387 1797 2435 egenis,

282 2464 393 2491 future.
490 2461 570 2484 non
593 2448 665 2483 sibi
688 2448 870 2496 particio,
892 2448 986 2496 quia
1011 2448 1103 2484 licet
1121 2448 1238 2484 fuerit
1263 2447 1423 2483 aliunde
1444 2447 1640 2494 indigens,
1665 2455 1799 2482 tamen

202 2499 477 2569 alirishffoilersstvsen
491 2515 533 2541 ut
549 2506 603 2541 sic
619 2515 675 2541 est
691 2505 880 2554 indignus
899 2505 1161 2542 elemosinam
1182 2505 1308 2541 eciam
1328 2518 1350 2541 a
1373 2506 1446 2541 deo
1470 2505 1660 2552 recipere.
1681 2504 1799 2549 Quod

270 2568 402 2595 without
492 2563 523 2599 si
565 2564 609 2598 30
646 2572 853 2612 extorquet
892 2563 1119 2611 pecuniam,
1159 2563 1404 2611 iniungendo
1449 2575 1586 2610 graves
1626 2571 1663 2598 et
1702 2561 1794 2597 irra-

1809 893 1846 913 10

1810 1475 1851 1495 20

1824 1509 1944 1542 Matth.

1823 1556 1941 1595 XVIII,

1868 1613 1906 1644 Ι7

1837 1649 1915 1681 Joh.

1826 1697 1863 1736 II,
1893 1706 1925 1727 11

1813 1754 1852 1786 25

1815 2046 1856 2078 30
1894 2043 1950 2085 ὅγ’*

492 2621 710 2657 cionabiles
743 2621 1003 2669 penitencias,
1037 2631 1080 2657 ut
1104 2621 1273 2669 pecunia
1308 2620 1570 2666 redimantur,
1605 2619 1798 2667 auffugiat
1813 2634 1857 2664 40

493 2679 760 2715 confessorem
816 2688 852 2714 et
905 2679 1098 2715 contritus
1152 2679 1398 2715 confidenter
1449 2677 1620 2725 accipiat
1669 2689 1800 2713 sacra-

493 2881 516 2908 C
539 2854 585 2885 ‚²3
614 2846 741 2907 sollicite
764 2846 797 2873 C.
898 2845 935 2873 13.
963 2846 1035 2873 fiant
1056 2847 1093 2873 A.
1186 2846 1225 2873 18.
1248 2846 1341 2873 Cristi
1362 2847 1400 2873 Α.
1492 2855 1531 2881 10,
1554 2853 1592 2874 21.
1620 2846 1712 2881 igitur
1732 2846 1799 2873 talis

522 2887 665 2907 risnauus
702 2900 720 2907 ,.
