2067 3298
224 277 231 299 r
245 265 295 300 80
938 268 1162 299 JOHANNIS
1189 267 1375 298 WVCLIF
1638 264 1727 292 cm.
1749 264 1814 291 ΧΠ.

503 376 607 411 Luce
643 379 702 422 90,
742 374 905 422 quando
940 372 1072 409 Cristo
1107 372 1342 408 iniuriatum
1378 371 1466 418 fuit,
1513 371 1717 419 prohibuit
1751 384 1812 408 ex-
1854 381 1938 413 Luc,

503 432 758 470 comunicare
782 431 976 479 explicite.
1004 431 1044 468 Si
1069 430 1173 467 enim
1193 430 1280 478 quis
1304 430 1518 466 iniuriatur
1537 429 1670 476 michi,
1689 429 1814 466 deitas
1835 428 1889 468 XI,
1919 429 1957 461 55

502 491 778 527 excomunicat
812 502 902 525 eum
938 501 982 526 eo
1016 489 1134 525 facto.
1180 490 1227 524 Et
1267 501 1356 524 cum
1398 500 1470 536 ego
1513 489 1639 524 debeo
1673 500 1813 524 secun-

502 551 595 586 dum
631 550 759 597 legem
785 547 904 584 Cristi
936 548 1091 583 orando
1114 559 1187 594 pro
1211 546 1427 582 iniuriante
1461 545 1650 582 iniuriam
1684 546 1814 594 ipsam

502 607 716 652 dimittere,
757 613 955 654 repugnat
988 604 1118 641 eidem
1154 605 1228 652 legi
1271 606 1377 652 quod
1411 613 1625 652 propterea
1659 604 1848 652 publiceS

503 665 754 702 maledicam.
790 666 837 699 Et
862 664 937 700 ista
961 671 1018 699 est
1041 663 1149 699 racio
1173 662 1268 710 legis
1293 662 1475 710 Gregorii
1499 663 1604 698 Inter
1627 663 1816 711 querelas,

504 724 569 769 23,
606 736 642 771 9,
677 736 715 769 4.
750 724 862 766 Item,
896 721 928 757 si
951 730 1170 769 proventus
1205 721 1369 757 ecclesie
1402 720 1565 757 liberari
1598 721 1742 756 debent
1774 729 1816 756 ut

502 781 695 827 debitum,
730 788 891 829 oportet
924 781 1017 816 dare
1052 779 1281 828 equivalens
1313 787 1627 824 commutatum3
1661 779 1815 814 nullum

502 838 775 888 pertinencius
821 851 941 887 quam
991 837 1199 885 spirituale
1245 837 1513 874 ministerium
1560 836 1817 885 parochianis

238 905 305 934 The
324 905 461 946 Rector's
501 898 742 946 impensum.
778 899 825 932 Et
850 896 906 933 sic
930 905 1063 932 rector
1086 895 1313 932 comitteret
1336 895 1575 943 symoniam.
1611 897 1659 931 Et
1682 907 1819 931 revera
1837 909 1876 930 10

219 946 321 969 return
343 944 390 969 xor
410 941 486 968 dues
501 956 557 992 illi
581 956 649 1005 qui
683 954 808 1003 magis
843 955 1091 991 contendunt
1123 954 1163 990 in
1197 954 1358 1000 talibus,
1391 966 1473 990 non
1496 962 1587 990 sunt
1611 953 1719 1001 digni
1742 966 1816 1001 pro

258 977 283 1003 is
304 977 442 1011 spiritual

212 1012 446 1073 miflf'lffsggigglsst
465 1011 585 1051 iftoto
611 1012 834 1050 ministerio
859 1013 1036 1060 recipere
1060 1011 1294 1060 pecuniam3
1328 1025 1477 1060 ymmo,
1502 1021 1545 1048 ut
1570 1011 1818 1048 ministracio

211 1089 323 1116 money
344 1081 391 1108 for
410 1072 667 1120 ,thisrectoris
713 1072 814 1108 foret
859 1070 1015 1115 melior,
1061 1070 1116 1107 sic
1162 1070 1203 1106 in
1249 1070 1407 1107 cambio
1452 1071 1555 1106 foret
1598 1078 1815 1117 proventus

246 1115 446 1186 hesiffiginrpits
502 1130 646 1167 carior.
671 1131 786 1167 Unde
803 1129 963 1178 quidam
990 1128 1165 1177 religiosi
1188 1128 1336 1165 librant
1357 1129 1536 1165 valorem
1561 1128 1621 1164 sui
1645 1127 1817 1172 habitus,

500 1189 540 1225 in
573 1201 653 1237 quo
688 1187 864 1225 extranei
899 1187 1136 1224 moriantur.
1185 1188 1308 1235 Leges
1348 1187 1483 1235 itaque
1522 1187 1712 1222 docentes
1752 1191 1874 1223 cu-15

501 1256 608 1283 ratos
642 1259 715 1295 pro
749 1245 915 1282 decimis
947 1246 1008 1282 vel
1040 1244 1269 1282 elemosinis
1303 1245 1445 1281 dandis
1480 1246 1722 1281 contendere
1754 1244 1816 1280 vel

499 1318 692 1354 pugnare,
726 1313 817 1340 sunt
851 1317 870 1340 a
905 1303 1097 1352 religione
1130 1302 1227 1351 legis
1262 1303 1380 1339 Cristi
1415 1312 1612 1341 extranee.

210 1382 315 1411 Christ
329 1392 432 1411 warns
448 1392 482 1411 us
556 1365 648 1400 Ideo
686 1362 844 1399 videtur
877 1362 1048 1399 Cristum
1085 1361 1230 1408 dicere,
1265 1362 1406 1398 Matth.
1444 1362 1501 1408 50,
1535 1361 1602 1397 ubi
1637 1359 1817 1397 condidit
1840 1363 1961 1396 Matth.

247 1418 372 1480 ξςὲξίῑζέδῖ
388 1419 446 1480 iffi
497 1422 625 1470 legem
659 1433 787 1467 suam,
822 1422 931 1469 quod
964 1421 1037 1456 nisi
1067 1420 1353 1456 habundaverit
1385 1419 1533 1455 iusticia
1567 1426 1697 1455 vestra
1725 1419 1818 1468 plus
1843 1412 1884 1450 Va
1914 1420 1956 1441 20

258 1488 433 1521 pharisees;
498 1492 610 1528 quam
634 1480 852 1516 scribarum
883 1486 917 1514 et
934 1479 1226 1528 phariseorum,
1261 1490 1333 1513 non
1368 1477 1561 1513 intrabitis
1592 1477 1626 1512 in
1651 1489 1817 1527 regnum
1835 1490 1876 1511 20

246 1523 375 1550 because
396 1523 445 1549 the
903 1537 909 1542 .
1020 1536 1026 1542 .
1059 1536 1065 1542 .
1121 1536 1127 1541 .
1353 1535 1359 1541 .
1469 1535 1476 1540 .
1500 1535 1506 1541 .
1660 1535 1666 1540 .
1713 1534 1719 1540 .

212 1558 314 1619 clesgy
328 1557 439 1585 which.
461 1539 691 1585 iscelormm
740 1539 815 1574 hoc
849 1549 954 1573 enim
991 1538 1085 1572 dlxlt
1119 1549 1159 1572 in
1190 1536 1382 1583 apostohs
1416 1536 1580 1571 cuillbet
1613 1544 1816 1572 cristiano.

295 1613 302 1626 9

209 1592 483 1662 gossarisotfhihtieest
498 1598 575 1632 Pro
609 1595 722 1632 cuius
756 1595 961 1632 intellectu
1002 1607 1187 1643 suppono
1227 1594 1392 1640 clerum,
1440 1594 1507 1642 qui
1548 1602 1604 1630 est
1647 1593 1688 1629 3³
1725 1605 1817 1641 pars

219 1661 354 1696 Church,
377 1662 401 1688 is
424 1663 473 1689 the
499 1654 677 1700 ecclesie,
714 1655 808 1689 dum
843 1655 1027 1689 observat
1060 1653 1185 1701 legem
1215 1653 1436 1688 secundum
1470 1664 1585 1688 suum
1620 1651 1817 1697 ordinem,

208 1702 304 1724 worst
324 1697 349 1724 if
367 1697 436 1731 bad,
450 1705 482 1724 as
868 1711 875 1717 ·
1668 1709 1674 1715 ·

215 1732 245 1758 in
267 1732 316 1758 the
336 1732 426 1759 times
447 1732 481 1759 of
498 1724 581 1748 esse
605 1721 760 1761 partem
795 1720 1005 1759 optimam,
1040 1720 1077 1748 et
1111 1712 1205 1747 dum
1240 1719 1441 1758 apostatat
1465 1722 1548 1746 esse
1571 1722 1812 1758 pessimam3

248 1765 440 1828 ffgfiicslfirffid,
498 1779 608 1818 patet
641 1772 716 1807 hoc
750 1769 978 1807 racionibus
1013 1778 1049 1805 et
1082 1769 1284 1817 exemplis.
1334 1771 1436 1805 Nam
1476 1768 1577 1805 sicut
1612 1768 1740 1804 clerus
1774 1767 1815 1802 in
1835 1772 1875 1803 25

434 1823 440 1834 ⁷
498 1828 774 1865 sacerdotibus
807 1827 905 1876 legis
937 1827 1082 1864 veteris
1105 1840 1178 1875 pro
1211 1836 1395 1875 tempore
1429 1826 1569 1863 mortis
1595 1825 1717 1862 Cristi
1742 1824 1815 1861 fuit

498 1887 709 1935 pessimus,
750 1886 805 1922 sic
843 1885 1000 1922 videtur
1040 1886 1123 1922 fore
1157 1885 1354 1933 pessimus
1389 1898 1461 1933 pro
1495 1893 1680 1932 tempore
1713 1883 1816 1920 anti-

212 1965 278 1992 Our
298 1965 413 1992 scribes
434 1945 621 1992 al-ecristi.
674 1946 874 1990 Secundo,
924 1957 1111 1992 suppono
1158 1944 1309 1979 clerum
1358 1955 1589 1991 perversum
1642 1942 1682 1977 in
1737 1942 1816 1977 duo

210 2000 641 2062 tig‘iuireicstgeass'tiiiisdividi³
682 2002 846 2047 scilicet,
891 2001 930 2038 in
970 2003 1169 2038 seculares
1210 2010 1248 2037 et
1288 2001 1582 2038 tradicionibus
1628 1999 1817 2036 humanis

391 2056 397 2068 ,

261 2070 435 2118 segma-of
500 2070 682 2109 apostate
722 2061 952 2107 innitentes,
998 2069 1040 2097 ut
1079 2068 1192 2096 erant
1231 2060 1359 2096 scribe
1398 2060 1438 2095 in
1480 2060 1564 2107 lege
1597 2057 1733 2103 veteri,
1781 2065 1817 2093 et
1837 2062 1879 2093 30

249 2105 442 2174 cliziigiffilfilvsa
498 2119 636 2156 iuriste
658 2119 699 2155 in
721 2120 806 2167 lege
829 2118 973 2167 gracie,
1010 2127 1046 2155 et
1078 2118 1118 2154 in
1142 2118 1349 2165 phariseos
1384 2117 1607 2165 religiosos,
1642 2125 1684 2153 ut
1708 2124 1819 2164 patet

216 2170 478 2243 discilfiigisSt'rsiiust
499 2179 546 2214 de
574 2174 656 2213 3b¹¹S
680 2178 797 2214 sectis
821 2186 1003 2225 tempore
1029 2176 1148 2213 Cristi
1180 2184 1217 2212 et
1241 2178 1288 2213 de
1312 2176 1430 2212 sectis
1454 2174 1819 2212 innumerabilibus
1859 2189 1901 2219 H·

222 2245 255 2270 be
278 2228 463 2305 bgitttlegrthan
497 2244 679 2284 tempore
695 2235 791 2284 legis
815 2235 961 2283 gracie.
986 2235 1028 2270 30
1051 2234 1208 2270 videtur
1232 2234 1407 2270 Cristum
1438 2232 1442 2283 Ι
1472 2235 1618 2270 docere
1642 2232 1818 2280 singulos
1859 2234 1920 2276 ΘΓ

295 2313 390 2340 Their
498 2293 708 2330 cristianos
741 2302 846 2330 secte
879 2305 947 2329 sue
980 2293 1021 2328 in
1062 2292 1223 2328 iusticia
1264 2294 1453 2329 excedere
1494 2291 1613 2327 istam
1654 2299 1818 2327 sectam.

230 2347 463 2409 sigliigeggtspess
496 2353 584 2400 Ipsa
619 2352 738 2398 enim,
772 2351 1027 2387 iustificando
1060 2350 1305 2387 tradiciones
1350 2349 1576 2395 hominum,
1625 2348 1722 2397 legis
1758 2347 1879 2384 dei35

210 2417 398 2445 insufficient
422 2418 479 2445 and
495 2410 696 2446 iusticiam
730 2409 997 2458 parvipendit,
1032 2410 1147 2445 Unde
1184 2409 1338 2445 Cristus
1370 2421 1452 2445 non
1485 2407 1675 2455 dignatur
1701 2406 1819 2443 istam

239 2452 445 2487 superfluous.
495 2468 637 2505 falsam
672 2477 708 2504 et
740 2469 846 2504 nude
878 2468 1079 2504 verbalem
1114 2466 1318 2503 iusticiam
1355 2467 1580 2503 scribarum
1615 2474 1653 2501 et
1685 2464 1822 2512 phari-

495 2539 654 2562 seorum
688 2525 921 2573 exprimere,
956 2527 1023 2562 sed
1057 2524 1152 2561 satis
1188 2524 1321 2560 innuit
1358 2536 1534 2561 connexa
1568 2523 1630 2559 dei
1663 2522 1822 2558 iusticia

495 2583 622 2632 ipsam
654 2593 952 2631 contempnere,
988 2596 1077 2619 cum
1110 2583 1159 2619 sit
1193 2581 1445 2618 insufficiens
1481 2582 1520 2617 in
1562 2594 1729 2629 regnum
1765 2580 1822 2616 in-

567 2727 591 2746 2.
613 2719 688 2746 deus
710 2718 744 2746 C.
835 2716 860 2744 3.
883 2726 918 2744 eo
940 2708 998 2744 deo
1019 2719 1055 2744 A.
1148 2721 1175 2744 ί).
1198 2717 1272 2751 legis
1294 2716 1380 2743 deest
1397 2717 1435 2743 A.
1529 2724 1556 2751 7,
1578 2715 1605 2743 8.
1628 2719 1660 2742 ut
1683 2714 1822 2741 debitum

498 2753 581 2781 deest
605 2753 639 2781 C.
743 2753 770 2779 8.
797 2752 1028 2779 comunicatum
1058 2753 1095 2779 A.
1196 2760 1234 2786 17.
1263 2756 1335 2778 sunt
1361 2751 1447 2778 deest
1473 2750 1507 2778 C.
1610 2750 1659 2777 26.
1683 2749 1761 2784 legis
1782 2750 1821 2776 A.

498 2796 541 2823 27.
556 2797 611 2823 pro
624 2788 707 2814 deest
720 2788 751 2814 B.
808 2794 854 2821 29.
868 2791 895 2814 et
907 2787 991 2829 ffeest
1002 2787 1068 2814 AC.
1133 2785 1179 2813 30.
1194 2786 1329 2813 scribere
1338 2787 1375 2813 A.
1435 2784 1473 2812 31.
1490 2785 1530 2812 nil
1543 2786 1601 2812 iste
1614 2785 1652 2817 B;
1670 2784 1711 2811 ib.
1723 2783 1821 2810 eciam

495 2842 554 2868 pro
574 2839 603 2861 et
622 2835 652 2861 in
668 2835 704 2861 A.
780 2833 821 2861 33.
837 2830 1036 2869 Agre‘sslegis
1051 2833 1117 2867 (sic)
1132 2834 1175 2866 A;
1196 2835 1257 2867 ‘gre
1271 2832 1355 2867 llegis
1372 2831 1406 2859 C.
1485 2830 1532 2865 39.
1552 2831 1617 2858 sive
1627 2838 1689 2865 pro
1705 2837 1775 2856 cum
1795 2829 1816 2855 B

567 2893 598 2925 6.
628 2894 805 2936 Gregorii.
831 2895 897 2924 See
925 2900 1005 2924 note
1033 2893 1154 2932 above,
1183 2903 1214 2934 p.
1249 2892 1321 2934 175.
