2067 3298
196 218 276 263 246

212 340 324 376 Again,
347 339 452 367 Christ

228 375 358 409 forbade
378 374 435 401 His

233 411 377 445 disciples
398 414 428 435 to

201 447 255 474 call
277 445 350 473 each
374 444 461 470 other

274 480 387 511 Rabbi;

196 517 255 544 and
277 517 361 543 these
383 521 462 547 men,

257 551 360 578 bound
382 552 412 574 to

216 586 320 613 follow
342 583 448 612 Christ

245 629 280 648 so
300 619 423 652 closely7

235 655 358 690 despise
379 654 434 681 His

217 691 332 723 words,
354 692 448 715 waste

195 725 243 752 for
254 724 332 752 their
344 725 469 758 degrees

237 760 319 794 large
340 766 426 785 sums

209 794 273 821 that
296 794 404 828 belong
425 797 454 819 to

249 830 300 856 the
322 836 409 864 poor,

219 864 277 891 and
299 862 441 890 abandon

252 899 316 925 that
336 906 409 932 very

219 932 388 968 perfectior]
410 936 439 958 to

236 967 338 994 which
358 967 428 1002 they

238 1011 288 1030 are
311 1002 425 1029 bound.

202 1152 298 1180 Their
319 1152 460 1182 General,

229 1192 373 1223 contrary
393 1191 424 1213 to

265 1221 397 1250 Christ's

240 1257 435 1290 commands,

195 1293 370 1320 domineers
391 1299 464 1319 over

284 1329 385 1361 them;

212 1363 388 1398 spiderlike,
410 1363 447 1389 he

220 1406 341 1424 weaves
363 1406 379 1424 a
400 1402 448 1424 net

205 1433 340 1467 through
361 1433 462 1459 which

277 1468 391 1494 camels

245 1502 430 1537 (graduates)

226 1545 309 1598 pass,
331 1537 389 1564 and
412 1538 440 1563 in

194 1580 221 1598 W
234 1572 296 1599 iich
312 1576 400 1605 gnats
421 1579 471 1598 are

284 1607 383 1634 taken.

247 1676 275 1704 If
292 1685 308 1703 a
330 1675 416 1704 Friar

226 1711 356 1746 offends,
378 1719 448 1746 nay,

227 1745 406 1773 sometimes
425 1746 451 1773 if

232 1782 269 1808 he
290 1781 436 1807 observes

215 1815 313 1843 God's
334 1816 402 1848 law,
424 1816 460 1842 he

213 1851 239 1878 is
259 1850 452 1885 imprisoned

222 1885 265 1912 til]
287 1885 324 1911 he
343 1884 448 1912 writes

272 1919 365 1946 down
387 1928 403 1946 a

198 1954 393 1981 retractation
412 1954 470 1981 and

228 1989 369 2016 becomes
390 1989 440 2016 the

232 2024 314 2050 slave
334 2024 369 2051 of
385 2024 435 2050 the

288 2058 379 2085 devil.

201 2092 303 2120 These
323 2093 468 2120 cobwebs

228 2128 315 2155 catch
334 2128 446 2163 simple

307 2163 367 2189 and

219 2197 447 2224 weak-minded

297 2240 376 2259 rnen.

926 219 1149 251 JOHANNIS
1176 218 1360 249 WYCLIF
1603 214 1691 242 CAP.
1712 212 1794 242 XVI.

544 329 771 364 Secundum
806 327 1112 362 fundamentum
1149 326 1197 361 ad
1231 325 1453 360 tollendum
1478 325 1599 360 talem
1624 325 1795 371 gradua-

485 386 642 423 cionem
688 385 727 420 in
767 383 957 420 fratribus
998 392 1054 419 est
1095 383 1192 418 illud
1232 383 1373 418 Matth.
1410 382 1499 428 230,
1539 381 1606 417 ubi
1640 381 1792 418 Cristus
1822 385 1939 416 Matth.

485 443 654 492 precipit
677 443 784 491 quod
808 454 888 477 non
911 449 1102 477 vocentur
1127 441 1212 476 rabi
1235 441 1293 476 vel
1312 447 1461 489 patres,
1490 448 1532 475 ut
1556 439 1792 476 excellencia
1819 431 1934 471 XXIII>

487 502 548 538 dei
588 499 837 537 reverencius
876 498 1131 547 inprimatur,
1174 507 1210 534 et
1249 507 1291 533 ut
1331 499 1503 545 superba
1536 497 1792 533 dissensionis
1838 477 1869 517 δ’
1897 488 1916 521 9

486 559 645 596 occasio
679 558 926 594 excludatur.
962 557 1177 601 Quomodo
1212 556 1333 603 igitur
1366 556 1433 603 qui
1466 565 1546 592 tam
1584 556 1662 591 alte
1695 555 1828 591 obli-5

485 626 601 665 gatus
641 618 690 652 ad
732 615 850 652 Cristi
885 614 1051 651 consilia
1084 623 1164 650 tam
1200 614 1379 650 frontose
1412 623 1448 649 et
1481 623 1564 649 tam
1597 613 1796 649 laboriose

486 673 736 722 contempnit
770 674 830 709 vel
853 672 1091 720 sophisticat
1115 671 1197 707 eius
1220 672 1364 708 verba?
1396 673 1485 707 Non
1510 671 1674 707 dubium
1701 670 1797 719 quin

485 733 614 769 inanis
649 731 776 779 gloria
810 740 847 766 et
881 739 1137 778 contemptus
1172 729 1324 766 domini
1358 729 1438 765 sint
1461 729 1501 765 in
1525 742 1658 766 causa.
1695 731 1794 765 Nam

484 804 566 826 non
605 791 736 826 solum
778 789 817 825 in
851 788 1086 836 incepcione
1120 800 1191 824 sua
1224 787 1392 823 incurrit
1425 787 1662 835 periurium,
1704 799 1797 823 con-

485 849 681 884 sumendo
721 849 769 883 de
808 846 1126 894 spoliacionibus
1165 858 1389 893 pauperum
1430 846 1535 881 ultra
1577 844 1652 881 tria
1687 844 1855 880 milia1o

484 905 761 942 turonensium
795 917 1044 953 grossorum3
1077 905 1159 949 sed,
1193 912 1235 939 ut
1267 903 1335 949 sic,
1366 903 1544 951 pilliatus
1568 903 1797 939 inhabilitat

484 977 523 1000 se
547 964 677 1012 ipsum
703 964 753 999 ad
776 964 1072 999 observandum
1097 961 1389 1009 perfeccionem
1415 961 1566 997 ordinis
1591 961 1653 996 cui
1678 961 1798 997 stulte

484 1022 685 1070 obligatus
719 1030 789 1066 est,
825 1030 862 1057 et
895 1029 936 1057 ut
970 1019 1019 1056 sit
1053 1021 1176 1056 herba
1207 1031 1409 1056 venenosa
1442 1019 1482 1055 in
1512 1031 1608 1067 agro
1632 1018 1796 1055 domine

483 1089 621 1117 sancte
656 1079 793 1115 matris
827 1078 991 1115 ecclesie
1025 1077 1304 1126 multipliciter
1337 1077 1536 1114 infectiva.

545 1138 600 1174 ΒΓΗ
636 1146 770 1173 autem
804 1137 1111 1173 fundamentum
1147 1144 1287 1171 contra
1319 1135 1437 1171 istam
1468 1135 1796 1183 superinductam
1819 1138 1854 1169 15
1886 1138 1925 1169 G.

484 1195 734 1233 blasfemiam
769 1204 826 1231 est
859 1194 1010 1231 dictum
1044 1193 1163 1230 Cristi
1191 1195 1296 1230 Luce
1330 1197 1424 1237 2203
1458 1194 1588 1244 Reges
1619 1193 1797 1243 gencium
1844 1195 1927 1226 Luc.

486 1254 735 1290 dominantur
773 1265 920 1296 eorum,
956 1261 1001 1296 ,et
1039 1253 1103 1301 qui
1135 1259 1364 1301 potestatem
1405 1252 1543 1288 habent
1580 1263 1698 1300 super
1735 1262 1797 1286 eos
1828 1242 1929 1293 ῘΞΧΠν

486 1311 644 1362 benefici
674 1319 873 1347 vocantur.
924 1312 996 1347 Vos
1028 1318 1153 1346 autem
1189 1322 1261 1345 non
1294 1310 1359 1345 sic.
1400 1312 1448 1345 Et
1480 1319 1617 1345 tamen
1651 1308 1796 1344 dicitur
1820 1298 1835 1319 ²
1867 1314 1873 1328 '
1903 1287 1943 1319 ²6

487 1372 596 1418 quod
637 1369 755 1405 nimis
790 1368 1037 1405 dominative
1071 1377 1107 1404 et
1139 1367 1258 1403 nimis
1292 1367 1530 1415 potestative
1565 1366 1798 1415 capitaneus

485 1429 657 1464 fratrum
710 1427 884 1475 imperat
937 1427 1016 1463 suis
1061 1425 1270 1471 fratribus3
1325 1435 1361 1462 et
1408 1435 1602 1474 tanquam
1649 1437 1797 1461 aranea
1815 1438 1857 1460 20

486 1498 661 1534 pausans
695 1485 734 1521 in
768 1486 927 1533 angulo,
963 1485 1119 1521 orditur
1142 1485 1240 1520 telas
1266 1484 1416 1520 diaboli
1440 1484 1584 1532 quibus
1608 1482 1799 1531 illaqueat

486 1545 627 1581 fratres
661 1556 765 1588 suos,
806 1552 850 1579 ut
883 1545 991 1591 quod
1024 1543 1146 1578 frater
1179 1555 1273 1578 suus
1307 1542 1390 1578 dire
1422 1541 1694 1578 incarceretur
1725 1554 1798 1589 pro

488 1602 626 1647 culice,
667 1613 803 1649 ymmo
838 1602 1081 1649 quandoque
1114 1613 1187 1649 pro
1226 1599 1490 1636 observancia
1522 1598 1619 1647 legis
1653 1599 1728 1644 dei,
1764 1607 1800 1635 et

486 1661 705 1708 graduetur
745 1672 818 1707 pro
858 1659 1087 1707 iuglucione
1127 1658 1284 1694 cameli.
1334 1660 1381 1694 Et
1420 1658 1693 1694 incarceratus
1731 1669 1801 1704 per

487 1719 724 1754 mendosum
771 1718 1007 1753 scandalum
1047 1716 1180 1753 fratris
1220 1716 1280 1752 sui
1319 1729 1400 1752 non
1440 1715 1559 1752 exibit
1598 1727 1800 1751 carcerem
1819 1720 1858 1751 25

486 1785 703 1823 antequam
730 1788 852 1811 manu
875 1774 1039 1823 propria
1064 1774 1269 1822 scripserit
1293 1774 1543 1810 mendaciter
1565 1773 1801 1810 scandalum

486 1834 582 1870 false
615 1833 688 1870 sibi
722 1833 957 1881 inpositum,
1000 1833 1230 1869 accusando
1270 1844 1309 1868 se
1343 1832 1475 1880 ipsum
1510 1840 1547 1868 et
1577 1832 1802 1868 excusando

487 1891 713 1935 diabolum;
767 1904 813 1927 ac
864 1891 1030 1927 ulterius
1083 1890 1299 1938 obligando
1352 1902 1391 1926 se
1441 1890 1550 1938 quod
1594 1902 1802 1937 nunquam

486 1950 652 1986 ulterius
685 1949 726 1986 in
759 1950 835 1985 hoc
867 1948 1025 1985 invehet
1059 1957 1199 1985 contra
1232 1948 1382 1995 ipsum3
1419 1957 1455 1984 et
1487 1948 1543 1984 sic
1567 1948 1803 1984 detestando

487 2020 649 2044 causam
684 2006 804 2044 Cristi
844 2007 1002 2043 devenit
1045 2005 1282 2054 simpliciter
1314 2018 1449 2042 servus
1483 2004 1645 2041 diaboli.
1685 2005 1802 2041 Tales
1822 2011 1863 2043 30

488 2065 675 2102 dicuntur
720 2065 845 2101 multe
889 2065 967 2101 tele
1012 2077 1056 2101 ex
1094 2063 1353 2100 interioribus
1394 2063 1544 2100 diaboli
1583 2063 1803 2099 subtilitate

487 2125 635 2171 pedum
661 2124 937 2159 membrorum
962 2135 1126 2159 suorum
1152 2121 1328 2158 contexti
1346 2121 1526 2168 cottidie,
1551 2134 1642 2157 cum
1659 2121 1802 2170 quibus

486 2182 627 2218 fratres
661 2180 865 2229 simplices
900 2189 936 2218 et
972 2181 1122 2217 debiles
1156 2189 1352 2228 tanquam
1387 2179 1552 2216 bestiole
1576 2179 1802 2227 capiuntur.

556 2338 579 2366 5.
608 2338 692 2365 accio
720 2339 756 2365 A.
856 2337 879 2371 5,
907 2337 934 2365 6.
963 2337 1140 2372 obligantur
1167 2344 1269 2363 omnes
1294 2336 1385 2363 MSS.
1500 2337 1528 2363 6.
1555 2336 1713 2363 fructuose
1740 2336 1804 2364 AC.

487 2381 515 2408 9.
536 2372 689 2408 periurius
705 2373 743 2400 A.
824 2380 857 2399 11.
879 2372 922 2399 sic
938 2380 998 2407 pro
1020 2372 1071 2399 sed
1093 2380 1196 2399 omnes
1216 2371 1306 2398 MSS.
1393 2370 1430 2398 13.
1453 2371 1571 2398 domini
1592 2379 1696 2398 omnes
1715 2370 1805 2398 MSS.

487 2409 528 2435 10.
552 2415 578 2435 [2
592 2407 625 2434 Β.
700 2407 740 2434 16.
756 2415 848 2434 arena
862 2408 899 2434 A.
973 2414 1012 2434 21.
1028 2407 1142 2434 celatur
1156 2407 1200 2440 A;
1222 2406 1260 2433 ib.
1275 2406 1419 2441 illaqueet
1433 2406 1466 2434 C.
1550 2405 1594 2433 32.
1610 2406 1755 2433 continue
1770 2405 1804 2432 (j.

487 2441 529 2469 33.
553 2442 678 2470 bestiole
698 2442 784 2469 deest
802 2442 836 2469 C.

561 2524 611 2545 10.
629 2514 665 2545 In
686 2513 905 2545 munimenta
925 2513 1141 2547 Academica
1162 2514 1323 2556 (Anstey)
1344 2523 1397 2544 we
1416 2512 1486 2544 find
1505 2523 1548 2544 an
1567 2514 1691 2544 Austin
1711 2513 1807 2545 Friar

488 2561 615 2603 paying
642 2562 669 2592 ἐξ
695 2571 732 2592 10
759 2570 795 2591 as
822 2570 840 2591 a
872 2561 1120 2602 composition,
1159 2561 1293 2591 instead
1333 2559 1373 2591 of
1402 2559 1550 2602 feasting
1581 2559 1639 2591 the
1673 2560 1808 2601 Regent

488 2607 631 2638 Masters
658 2617 703 2638 on
729 2606 783 2637 his
810 2607 998 2648 inception.
1027 2607 1063 2638 P.
1092 2606 1167 2647 564.
1267 2607 1319 2639 30.
1346 2606 1356 2637 Ι
1385 2613 1512 2638 cannot
1536 2606 1697 2647 thinking
1722 2606 1803 2647 help

487 2653 560 2685 that
584 2652 680 2684 there
706 2654 733 2684 is
759 2653 840 2684 here
873 2663 916 2684 an
943 2653 1093 2684 allusion
1117 2659 1153 2683 to
1187 2663 1284 2684 some
1312 2653 1418 2692 Friar,
1450 2652 1573 2684 whose
1606 2651 1806 2695 VVycliffian

488 2700 687 2730 tendencies
714 2709 806 2730 were
830 2699 986 2741 severely
1005 2706 1066 2741 put
1085 2700 1199 2730 down.
1226 2698 1312 2730 This
1330 2699 1450 2730 would
1470 2700 1548 2741 give
1568 2709 1665 2730 more
1684 2699 1806 2730 colour

487 2753 522 2776 to
550 2756 607 2787 my
631 2745 837 2788 hypothesis
868 2746 938 2786 (De
964 2745 1165 2786 Apostasz'a,
1199 2745 1451 2786 Introduction)
1478 2745 1551 2776 that
1576 2745 1709 2787 Wyclif
1735 2744 1803 2776 had

489 2801 592 2833 many
624 2792 794 2833 partisans
827 2801 956 2833 among
987 2791 1044 2822 the
1076 2792 1206 2830 Friars3
1245 2791 1303 2822 the
1329 2791 1444 2823 whole
1483 2791 1523 2822 of
1556 2790 1614 2822 the
1653 2791 1802 2832 chapter,

488 2838 568 2868 read
596 2838 630 2868 in
654 2837 722 2869 this
748 2837 842 2879 light,
869 2837 931 2868 has
958 2838 1142 2879 particular
1168 2838 1340 2879 meaning.
