2067 3298
191 234 269 270 230
905 235 1129 267 JOHANNIS
1155 233 1340 265 WYCLIF
1612 228 1701 256 CAP.
1721 227 1778 255 XV

228 358 370 384 becomes
390 356 425 383 of
477 357 602 393 usque
636 345 685 380 ad
718 343 837 378 finem
871 341 927 377 sic
959 341 1102 376 facere.
1138 340 1260 375 Cassa
1292 337 1411 385 igitur
1443 338 1545 373 foret
1568 336 1790 372 similitudo

206 391 342 454 effligitsgvls·
358 390 442 452 {¹1¹1}ss
478 402 611 448 Cristi,
644 402 787 438 Matth.
834 403 878 446 70
913 400 960 434 de
998 398 1130 434 fructu
1168 396 1337 433 arboris.
1383 395 1459 431 Hic
1498 394 1644 431 dicitur
1683 395 1791 442 quod

204 462 438 522 ῐὴθέῖιξὶῒὲθοῖῒὶνθ
477 460 698 497 similitudo
732 467 789 494 est
823 469 1013 501 consona,
1048 456 1190 491 tollens
1223 454 1359 489 fucum
1392 452 1678 501 phariseicum,
1713 465 1791 500 quo

239 530 406 566 jugments:
479 531 522 555 ex
555 517 676 565 signis
708 513 1044 563 inpertinentibus
1074 512 1275 548 iudicatur
1304 510 1461 547 bonitas
1493 510 1681 558 pharisei.
1717 511 1792 546 Pro

210 564 437 627 procheartlvclleonaind
479 588 558 624 quo
581 575 805 611 notandum
828 573 974 620 primo,
1001 573 1109 619 quod
1133 570 1295 618 aliquod
1320 578 1375 605 θεῖ
1398 568 1591 604 iudicium
1612 567 1791 616 topicum
1809 568 1825 601 5

200 643 224 662 2·
246 637 312 663 that
328 643 347 674 ,³
368 634 447 669 80οἀ
480 635 559 670 sive
583 631 806 681 probabile,
825 630 921 667 etin
939 630 1007 665 illo
1025 637 1116 665 sunt
1135 629 1294 676 gradus.
1311 627 1431 662 Aliud
1447 636 1580 662 autem
1598 625 1792 662 iudicium

216 671 439 739 n{{{}si1i·ii]y⁰ta
481 700 538 728 est
563 689 783 734 infallibile,
817 688 897 724 sive
921 687 1108 723 sensibile
1133 686 1212 722 sive
1235 684 1480 721 insensibile.
1515 684 1700 720 Secundo
1723 696 1792 720 no-

216 739 442 808 deecjgorggralty
480 750 648 786 tandum
689 748 798 796 quod
831 747 910 782 alia
949 754 1006 781 est
1040 744 1148 781 racio
1188 743 1323 791 operis
1356 742 1451 778 boni
1485 744 1532 778 de
1566 754 1722 789 genere,
1757 750 1794 777 et

216 808 241 836 3.
263 810 329 836 that
349 815 439 843 every
481 807 558 844 alia
598 805 707 842 racio
746 804 881 852 operis
922 803 1017 839 boni
1058 801 1276 838 moraliter.
1323 802 1372 837 Et
1416 801 1458 837 30
1500 800 1647 836 dicitur
1687 800 1794 848 quod

199 845 277 879 good
300 843 374 870 deed
398 850 452 869 can
481 865 488 872 .
599 864 604 869 .
640 863 646 869 .
670 863 677 869 .
778 862 784 868 .
851 862 857 868 .

217 879 252 906 be
272 877 382 912 judged
404 882 435 904 ιο
480 864 744 902 infallibiliter
776 864 979 899 iudicatur
1012 873 1131 897 omne
1164 872 1267 907 opus
1292 861 1442 895 bonum
1468 860 1514 895 de
1538 870 1682 906 genere
1704 870 1796 906 pro·
1816 870 1854 891 io

207 913 453 983 certpeiiglcyeeijrom
482 924 623 960 cedere
656 934 678 958 a
710 922 817 957 bono
850 929 1011 965 nature,
1044 931 1118 955 nec
1151 917 1334 966 procedit
1364 930 1385 953 a
1409 917 1516 952 malo
1541 917 1670 964 culpe,
1703 916 1796 952 licet

199 982 456 1044 ἃξὲἓξέὓὲἓῑὲῑῧ]
484 982 580 1017 deus
617 978 832 1016 necessitat
871 990 1086 1026 personam
1122 975 1292 1012 maxime
1325 976 1375 1011 ad
1413 974 1513 1011 illud
1552 976 1701 1010 bonum
1750 975 1796 1010 de

203 1053 353 1088 probably
372 1051 453 1078 from
482 1050 624 1086 genere
663 1050 748 1074 suo.
794 1038 871 1073 Sed
905 1035 1098 1071 iudicium
1134 1043 1191 1070 est
1224 1033 1403 1082 topicum
1448 1034 1557 1081 quod
1597 1045 1698 1080 opus
1740 1041 1797 1068 est

192 1095 429 1157 morzilssagggd,
445 1120 470 1147 if
482 1098 632 1133 bonum
656 1095 828 1141 virtutis,
851 1094 883 1130 si
906 1106 980 1130 nec
1003 1102 1095 1130 ante
1117 1104 1191 1128 nec
1209 1100 1299 1140 post
1323 1091 1446 1128 ebulit
1465 1090 1624 1138 signum
1645 1090 1795 1126 malum

201 1165 240 1184 ΠΟ
261 1164 327 1191 Slgss
348 1155 383 1183 of
399 1155 457 1182 evit
483 1156 530 1191 de
563 1165 721 1201 genere.
755 1154 861 1198 Ideo,
896 1151 1009 1188 sicud
1032 1163 1111 1187 una
1137 1150 1282 1186 irundo
1306 1162 1388 1185 non
1410 1149 1506 1185 facit
1529 1161 1608 1195 ver,
1643 1148 1699 1184 sic
1723 1160 1795 1184 nec
1818 1149 1853 1181 15

222 1192 248 1219 is
268 1190 436 1218 connected
612 1211 619 1217 .
1288 1207 1295 1213 .
1360 1207 1367 1213 .
1497 1206 1503 1212 .

261 1226 336 1253 with
360 1225 392 1252 it.
483 1212 692 1261 quodlibet
730 1223 830 1259 opus
870 1223 994 1246 unum
1029 1210 1076 1245 de
1109 1221 1254 1256 genere
1286 1209 1439 1244 indicat
1470 1215 1672 1244 virtutem.
1720 1207 1797 1242 Sed

209 1261 445 1323 ingunfificiigsstlsto
484 1279 648 1318 expecta
681 1269 822 1315 finem3
868 1277 965 1305 nota
997 1265 1286 1315 frequenciam,
1333 1274 1370 1302 et
1402 1263 1796 1313 preponderanciam

246 1330 417 1400 jtigigurbdenat.
485 1329 645 1365 attende
687 1329 747 1371 (ut
780 1327 890 1375 quod
921 1326 1064 1362 fratres
1098 1326 1239 1361 crebro
1274 1323 1467 1371 colligunt
1499 1322 1713 1371 pecuniam
1749 1323 1796 1357 de

203 1399 260 1427 We
281 1404 365 1426 must
391 1402 461 1425 note
486 1385 704 1432 auditorio,
750 1394 807 1421 est
846 1384 1002 1432 signum
1038 1382 1296 1430 dampnabile
1330 1381 1546 1429 symonie);
1578 1393 1652 1417 nec
1684 1380 1799 1416 video

197 1435 470 1504 affheffififflcffigss'e
486 1444 584 1493 quin
624 1444 753 1479 malus
793 1442 953 1478 habitus
986 1440 1214 1489 prorumpit
1247 1441 1491 1488 quandoque
1524 1439 1565 1474 in
1598 1439 1800 1475 maculam
1818 1449 1860 1469 20

231 1504 266 1532 of
283 1504 356 1531 each
378 1508 435 1530 act.
486 1501 742 1550 operacionis
775 1499 1005 1536 sensibilem
1040 1500 1262 1535 secundum
1297 1499 1425 1545 legem
1458 1497 1613 1543 veneni,
1649 1505 1686 1533 et
1717 1508 1801 1533 non

487 1568 707 1608 apparente
740 1558 899 1595 macula
931 1570 1013 1594 non
1046 1559 1327 1605 dampnemus.

212 1632 271 1660 We
291 1636 374 1659 must
394 1636 448 1658 not
545 1619 623 1655 Sed
670 1618 717 1653 de
763 1616 924 1652 notoria
972 1616 1130 1651 macula
1176 1615 1347 1651 fratrum
1394 1612 1609 1661 multiplici
1654 1613 1803 1649 clamat

222 1667 445 1737 ὲζῇξξῃοξὸοὲξ
489 1677 673 1712 mundus.
707 1675 828 1711 Aliud
861 1682 993 1710 autem
1019 1682 1076 1709 est
1100 1672 1278 1709 iudicare
1302 1673 1349 1708 de
1372 1679 1457 1708 tota
1479 1680 1599 1716 secta,
1634 1679 1671 1707 et
1694 1669 1804 1707 aliud

195 1737 253 1799 {1¹3}
266 1736 473 1806 Vgfflceoffseecgi
488 1735 535 1770 de
568 1734 643 1770 ista
677 1732 851 1780 simplici
875 1744 1059 1779 persona,
1094 1740 1132 1767 et
1160 1731 1268 1767 aliud
1292 1731 1340 1766 de
1364 1742 1485 1777 opere
1508 1729 1568 1766 vel
1592 1741 1802 1765 consensu.
1821 1730 1860 1761 25

197 1807 255 1833 and
277 1806 352 1833 deed
374 1814 413 1832 on
435 1814 471 1832 an
489 1793 603 1829 Unde
642 1790 806 1826 indubie
846 1789 1103 1837 cognoscitur
1135 1790 1243 1837 quod
1278 1790 1327 1825 ad
1361 1796 1489 1824 totam
1522 1797 1672 1824 sectam
1710 1786 1805 1823 cleri

218 1841 453 1903 eglfffflossossffensge·
489 1863 532 1886 ex
570 1862 641 1885 sua
681 1847 991 1885 conversacione
1030 1847 1138 1883 varie
1177 1846 1446 1882 fructificante
1485 1858 1507 1882 a
1545 1844 1804 1893 plantacione

221 1910 390 1972 Dsipcipfles
410 1918 456 1937 we
490 1907 684 1956 primeva,
730 1918 773 1942 ex
814 1905 1071 1942 cristianismi
1111 1905 1386 1940 diminucione
1427 1913 1463 1940 et
1503 1916 1547 1940 ex
1580 1902 1804 1951 paganismi

242 1953 439 2014 ςέῗῗῃρξᾝη
489 1964 865 2013 augumentacione,
911 1965 1018 2012 quod
1064 1964 1191 1999 clerus
1243 1962 1455 2008 claudicat,
1497 1970 1534 1998 et
1578 1961 1806 2009 specialiter

226 2014 447 2081 {ffsoffegffissffl
488 2024 630 2059 fratres
668 2022 892 2071 yppocrite,
932 2022 1000 2070 qui
1032 2030 1142 2058 tante
1175 2021 1330 2057 desides
1363 2020 1554 2056 simulant
1586 2018 1806 2067 superemi-

1843 2030 1863 2050 O

224 2084 456 2146 eFSP‚eci?llylthe
488 2081 675 2117 nenciam
698 2079 935 2117 sanctitatis.
960 2082 1060 2116 Nam
1079 2079 1190 2116 cuius
1207 2078 1368 2126 spiritus
1384 2077 1605 2114 vivificacio
1623 2086 1806 2114 causaret
1845 2078 1886 2109 Κ.

260 2127 429 2180 ἓέῗῑζῗηξῑέο
489 2138 801 2187 prosperitatem
835 2137 1014 2183 ecclesie,
1048 2137 1154 2173 illius
1177 2137 1338 2184 spiritus
1363 2135 1628 2172 mortificacio
1652 2135 1806 2172 inducit

208 2188 468 2263 Thessogileessiiere
492 2196 851 2233 deterioracionem
886 2195 1063 2234 ecclesie.
1106 2196 1183 2232 Sed
1216 2194 1391 2242 pharisei
1424 2203 1514 2230 sunt
1546 2193 1666 2230 hodie
1699 2195 1804 2230 nude

260 2266 412 2319 xssffissgggfi
491 2255 699 2303 ymagines
722 2254 857 2302 polite,
892 2263 1145 2290 mortuorum
1171 2253 1367 2301 sepulcra,
1391 2253 1523 2288 solum
1546 2251 1806 2300 respicientes

207 2328 470 2366 sepulchresgthe
494 2312 742 2349 mundiciam
776 2325 852 2360 que
884 2312 980 2349 foris
1013 2321 1084 2358 est,
1119 2320 1160 2347 ut
1185 2311 1370 2347 dominus
1394 2310 1662 2358 prophetavit.
1697 2312 1805 2355 Quo-
1824 2309 1862 2342 35

214 2362 472 2425 {2⁵1}V(e3‡¹tse¹j¹¹tsslne5
495 2372 626 2416 modo,
651 2382 789 2419 queSO,
812 2383 891 2406 una
915 2378 1022 2406 secta
1047 2368 1303 2406 cristianismi
1327 2376 1457 2404 stante
1479 2368 1520 2404 in
1544 2380 1616 2404 suo
1647 2370 1804 2413 robore,

207 2432 471 2494 11¹³Css‘nh‘³f¹'1¹}u{‚
493 2438 535 2464 ut
585 2437 780 2464 steterunt
831 2427 1017 2476 apostoli,
1070 2440 1151 2464 non
1203 2428 1498 2463 delectarentur
1549 2426 1709 2474 pagani,
1765 2435 1806 2462 ut

229 2475 389 2529 Ῑὲἐῇξζιζᾛ
412 2479 601 2537 [ὟὛΠΠᾳ
652 2485 854 2534 suscipere
900 2486 1027 2534 legem
1068 2485 1211 2522 Cristi?
1264 2485 1341 2521 Sed
1386 2483 1565 2520 videntes
1612 2483 1805 2520 maiorem

265 2537 363 2563 *¹⁰⁸³
386 2541 416 2563 to
493 2543 773 2591 paganismum
816 2556 900 2580 esse
937 2543 1041 2580 inter
1074 2542 1355 2579 nominetenus
1390 2541 1609 2578 catholicos
1643 2542 1806 2578 horrent

1822 2021 1837 2053 υ.)

563 2762 590 2784 t).
604 2762 641 2799 Ἰθῖ
660 2773 693 2777 -—
712 2757 826 2791 gradus
846 2758 932 2784 deest
948 2759 986 2784 A.
1069 2757 1095 2785 8.
1117 2758 1153 2784 de
1174 2757 1259 2784 deest
1278 2758 1316 2785 A.
1399 2757 1496 2784 8—10.
1517 2765 1626 2792 genere
1645 2773 1678 2777 —
1697 2765 1806 2792 genere

493 2793 574 2830 deest
590 2792 624 2819 L.
699 2801 739 2819 10.
756 2800 847 2819 omne
862 2792 947 2819 deest
959 2794 997 2819 A.
1073 2800 1109 2819 12.
1132 2792 1274 2819 nuncciet
1289 2792 1329 2821 C:
1351 2792 1388 2818 ib.
1412 2792 1578 2819 maximam
1595 2800 1699 2819 omnes
1714 2792 1804 2819 MSS.

494 2826 531 2853 13.
554 2827 612 2853 tuci
635 2826 667 2853 C.
688 2861 692 2865 .
744 2835 784 2859 14.
806 2826 836 2853 si*
858 2827 892 2854 C.
969 2828 1007 2854 18.
1031 2827 1074 2854 ve]
1098 2827 1276 2862 equivalens
1296 2827 1381 2861 after
1402 2827 1563 2860 pecuniam
1586 2826 1619 2854 C.
1699 2825 1743 2861 37.
1764 2828 1805 2854 fe-

493 2867 599 2887 cerunt
621 2861 658 2895 133
681 2862 718 2887 zb.
742 2862 925 2888 delectarent
945 2863 984 2889 A.
1058 2861 1103 2889 38.
1125 2862 1273 2889 suscitare
1292 2863 1331 2888 A.
1406 2861 1451 2896 39.
1473 2862 1525 2896 qui
1546 2866 1591 2888 est
1610 2862 1648 2888 A.
