2067 3298
188 232 236 279 78
906 240 1129 272 JOHANNIS
1155 239 1338 271 WYCLIF
1632 237 1720 265 CAP.
1741 236 1779 263 v.

264 353 382 380 secular
473 355 702 394 potentatus
725 345 847 382 seculi
870 346 986 394 exigit
1010 359 1031 382 a
1054 359 1126 382 suo
1149 345 1328 382 subiecto
1351 345 1560 382 servicium
1585 345 1778 391 debitum,

191 392 452 457 δῃῗξζῑιῖιέῃὲξῗςῖ
472 413 829 453 quantumcunque
861 404 1132 452 irregulariter
1160 404 1308 449 vixerit,
1344 416 1434 440 cum
1468 402 1667 439 inferioris
1701 415 1779 438 non

197 457 449 526 l}}¹geitg³‘g}3g202‘l,
472 462 635 498 interest
675 464 722 498 de
754 462 834 498 vita
866 461 1082 510 superioris
1125 461 1334 498 discutere.
1376 461 1449 497 Hic
1483 460 1627 497 dicitur
1672 462 1780 508 quod

288 531 350 554 not.
472 521 615 556 debent
638 529 741 557 stare
765 520 899 568 regule
929 519 1133 567 ewangelii
1166 519 1205 555 in
1239 519 1392 556 clericis
1427 520 1547 555 modo
1581 518 1697 555 dicto.
1734 520 1780 554 Et

192 561 445 631 Qssfissgvffsshlg}
471 587 664 626 quantum
683 579 732 614 ad
756 577 1221 614 excommunicacionern
1238 579 1354 613 debet
1370 577 1543 625 populus
1568 585 1604 612 et
1627 576 1778 624 specia-

212 631 425 693 ὲζῖῖῑὲιὲῑῑηῃυῆῇζ
469 636 558 672 liter
581 636 806 684 superiores
831 644 1061 672 constanter
1085 635 1281 681 resistere,
1305 634 1472 671 scientes
1495 636 1602 682 quod
1619 643 1781 682 propter

187 701 298 747 canon,
320 700 379 727 and
400 700 449 727 the
471 693 702 730 huiusmodi
735 693 929 730 desidiam
970 693 1222 730 incurrerent
1261 691 1724 729 excommunicacionem
1759 705 1780 728 a

199 733 441 797 ἧζᾎέζῃῆιξξῖῑζῇ·
471 751 654 798 domin03
697 760 733 788 et
772 751 847 788 ista
885 760 943 788 est
982 764 1060 788 una
1099 752 1147 787 de
1187 751 1368 787 maximis
1412 750 1536 786 ruinis
1576 749 1779 798 religionis

196 804 270 831 &¹²²⁵
291 809 321 832 to
341 809 436 833 exact.
471 823 591 858 quam
617 822 688 858 per
710 809 960 846 anticristum
985 809 1167 846 diabolus
1190 808 1423 854 introduxit,
1447 817 1489 844 ut
1512 820 1603 856 sepe
1628 808 1777 844 dictum

471 877 528 904 est
560 868 600 903 in
633 868 801 904 materia
834 869 881 904 de
921 867 1343 904 excommunicacione
1376 875 1538 903 cecante
1572 866 1778 914 populum.

472 928 519 962 Et
551 934 747 974 quantum
781 927 831 962 ad
863 934 1144 973 argumentum
1178 925 1326 961 factum
1358 937 1428 973 per
1449 925 1581 961 locum
1606 937 1628 960 α
1650 924 1779 967 simili,

471 992 591 1032 patet,
638 986 747 1033 quod
796 992 853 1020 est
894 984 1055 1020 simialis
1100 983 1276 1032 argucia,
1322 983 1397 1019 nisi
1436 984 1628 1019 doceatur
1671 983 1779 1030 quod

471 1041 692 1078 cardinales
725 1050 762 1078 et
795 1041 863 1078 alii
895 1041 1028 1078 clerici
1061 1054 1179 1090 super
1213 1040 1432 1078 elimosinis
1465 1039 1707 1077 secularium
1743 1048 1779 1076 et

471 1100 583 1136 bonis
602 1112 825 1148 pauperum
852 1099 1019 1136 civiliter
1042 1099 1315 1136 dominentur.
1337 1099 1466 1135 Aliter
1488 1098 1593 1135 enirn
1617 1110 1776 1134 omnem

471 1159 598 1206 legem
638 1167 812 1195 cassaret
850 1157 1022 1194 exaccio.
1069 1159 1146 1194 Lex
1191 1157 1295 1195 enim
1336 1157 1473 1206 iniqua
1504 1170 1584 1193 non
1618 1165 1675 1193 est
1707 1157 1779 1194 lex.

471 1216 715 1253 Conceditur
758 1225 895 1253 tamen
940 1217 1049 1265 quod
1093 1215 1275 1263 tirranni,
1327 1215 1519 1264 exigendo
1564 1214 1712 1251 reditus
1757 1227 1778 1250 a

470 1274 652 1321 subditis,
686 1283 855 1323 peccant
879 1274 1113 1320 mortaliter,
1147 1274 1250 1310 sicut
1272 1273 1425 1310 faciunt
1449 1272 1645 1322 quidquid
1668 1272 1778 1309 aliud

470 1332 667 1369 faciendo.
729 1334 822 1369 ldeo
873 1332 992 1368 nimis
1043 1332 1147 1369 foret
1198 1331 1442 1369 diabolicum
1490 1332 1598 1380 quod
1650 1331 1777 1367 clerus

471 1399 724 1439 extorqueret
747 1390 938 1439 sacrilege
962 1390 1091 1439 spolia
1115 1403 1136 1427 a
1159 1389 1328 1426 subditis
1351 1402 1422 1438 per
1454 1390 1558 1425 hunc
1591 1390 1722 1425 locum
1756 1401 1777 1424 α

468 1449 596 1485 simili.
613 1450 763 1497 Vulgus
782 1448 886 1485 enim
912 1450 1028 1485 debet
1051 1448 1132 1496 pati
1154 1448 1341 1485 iniuriam
1365 1461 1387 1484 a
1409 1446 1577 1484 seculari
1602 1456 1777 1495 potente,

471 1516 507 1543 et
540 1508 588 1543 ab
622 1506 821 1555 ippocrita
854 1506 1093 1543 elemosinas
1126 1519 1216 1543 suas
1249 1506 1496 1542 subtrahere.

205 1569 295 1597 Alms
316 1569 428 1596 should
529 1566 646 1610 Quod
679 1565 734 1602 sic
767 1564 857 1601 talis
892 1564 1109 1601 elemosina
1148 1564 1389 1613 pervertitur
1427 1563 1467 1599 in
1504 1562 1700 1611 rapinam,
1734 1575 1778 1599 ve

182 1604 449 1673 Πζὲἓῇξοὲἶεῐιξῐζὲ
469 1623 641 1661 seculari
674 1623 839 1660 domino
863 1623 930 1671 qui
965 1636 1008 1659 ex
1030 1623 1182 1659 desidia
1212 1631 1294 1659 tam
1318 1621 1513 1671 permittit
1536 1621 1777 1658 invalescere

192 1674 446 1736 ξΓξὲξέΙᾎιῖἻέΓὲῗ
469 1681 585 1718 istam
627 1681 778 1718 rabiem
812 1680 1027 1718 anticristi!
1075 1683 1129 1717 Ex
1168 1682 1243 1717 hoc
1282 1681 1386 1717 enim
1426 1679 1625 1727 inperticit
1663 1692 1775 1715 suam

204 1744 332 1791 per-mit}
352 1744 426 1781 1¹¹5&
468 1739 658 1787 regaliam
699 1740 778 1776 sive
818 1738 1055 1785 dominium,
1102 1752 1190 1775 cum
1232 1737 1465 1787 principalis
1503 1751 1574 1774 sua
1611 1737 1777 1774 servitus

179 1779 382 1849 &12⁸5ssOEss
400 1779 540 1840 ,ἒξ-«160
574 1797 623 1834 sit
656 1807 840 1846 potenter
872 1810 1010 1845 regere
1042 1797 1220 1833 subditos
1254 1798 1472 1833 secundum
1506 1796 1633 1844 legem
1658 1795 1777 1832 Cristi

202 1849 251 1875 “¹3
272 1852 427 1883 apostates
466 1865 603 1892 contra
630 1857 819 1904 refugam.
855 1858 940 1903 Ipse
971 1855 1075 1892 enim
1109 1855 1292 1892 vendicat
1322 1854 1589 1901 dominantes,
1623 1853 1778 1890 abiecto

231 1891 269 1910 no
292 1885 398 1918 longer

191 1918 334 1945 consider
355 1920 438 1944 these
466 1914 581 1950 titulo
615 1914 844 1959 elemosine,
890 1923 970 1950 tam
1020 1913 1059 1949 in
1093 1913 1384 1961 temporalibus
1424 1925 1543 1960 quam
1585 1912 1623 1947 in
1664 1911 1777 1959 spiri-

183 1962 216 1980 as
236 1954 324 1985 alms⁷
347 1953 398 1979 but
419 1961 451 1979 as
556 1972 562 1977 .
1352 1971 1359 1976 .
1565 1970 1572 1976 .

179 1997 194 2015 a
216 1988 307 2023 right,
329 1988 387 2014 and
407 1992 451 2014 set
467 1974 641 2008 tualibus
681 1985 801 2020 super
833 1984 973 2008 omnes
1012 1973 1211 2008 seculares
1252 1973 1436 2007 dominos
1470 1971 1683 2018 presidere.
1731 1972 1777 2005 Et

214 2023 410 2085 atffissljffiss
467 2030 535 2076 sic,
560 2031 662 2066 sicut
685 2030 961 2078 conquirendo
985 2031 1032 2066 de
1057 2030 1135 2066 alio
1152 2029 1317 2066 brachio
1334 2028 1586 2077 temporalia,
1605 2027 1776 2076 baptisat

202 2080 425 2128 temporalitie’s
467 2101 511 2125 ea
556 2088 792 2137 spiritualia,
837 2097 879 2124 ut
924 2101 1062 2124 eorum
1108 2088 1290 2124 detencio
1334 2088 1421 2136 plus
1466 2099 1487 2122 a
1532 2085 1777 2122 secularibus

180 2127 673 2197 Sp53i222fi³2ssfid5‚timeatur3
705 2146 760 2183 sic
789 2159 879 2183 cum
905 2146 958 2182 eis
982 2145 1221 2194 sophisticat
1244 2145 1284 2182 in
1298 2153 1551 2182 sacramento
1568 2143 1777 2180 eucaristie

209 2198 276 2259 ἓξὲξ
293 2198 328 2259 ¹1¹5
345 2206 418 2259 {¹21¹}
469 2214 505 2240 et
539 2205 810 2253 qualicunque
846 2204 1068 2241 ministerio
1101 2204 1333 2241 sacerdotis.

221 2268 303 2293 them
327 2267 410 2294 back.
526 2264 655 2299 Causa
706 2272 853 2308 autem,
899 2275 1022 2311 quare
1074 2262 1213 2310 religio
1264 2262 1338 2298 ista
1388 2261 1630 2307 dissolvitur,
1684 2261 1777 2310 quia

184 2311 438 2382 aighsiississffifflgi,
468 2321 742 2369 multiplicatis
776 2321 988 2357 abbatibus
1021 2322 1071 2356 ad
1103 2321 1223 2356 vitam
1260 2329 1297 2356 et
1328 2320 1454 2367 legem
1489 2319 1632 2356 ablatis
1658 2319 1775 2356 Cristi

221 2382 327 2408 Christ
348 2390 405 2408 01¹¹·
468 2379 597 2415 minus
630 2378 860 2415 attenditur.
897 2381 944 2414 Et
977 2391 1067 2414 cum
1102 2378 1208 2414 iuxta
1243 2377 1540 2414 conclusionem
1566 2377 1775 2424 Augustini

186 2417 438 2485 Ιῖξξοὲεῗειειιξξεὲῗ
466 2437 728 2473 certissimam
749 2436 802 2482 (in
822 2438 867 2473 de
883 2449 974 2472 vera
992 2437 1193 2487 religione,
1210 2436 1277 2472 ubi
1295 2445 1430 2472 narrat
1454 2437 1501 2472 de
1523 2436 1776 2483 passionibus

466 2508 564 2543 quas
598 2495 750 2531 Cristus
784 2496 965 2542 exemplo
999 2494 1125 2531 nostri
1160 2494 1343 2542 pertulit;
1383 2503 1496 2530 notat
1530 2493 1634 2529 enirn
1669 2495 1776 2542 quod

536 2671 556 2690 1.
578 2661 643 2690 sbco
664 2664 708 2696 A;
730 2663 854 2699 subdito
876 2663 914 2697 B;
936 2663 1062 2690 sibiecto
1084 2662 1118 2691 C.
1199 2672 1229 2697 4.
1252 2658 1286 2697 δ3
1308 2667 1386 2690 stare
1408 2654 1469 2698 r'gie
1489 2664 1527 2690 Α.
1608 2663 1632 2690 5.
1654 2671 1775 2689 excom-

468 2699 679 2725 municacionc
700 2698 734 2726 C.
813 2698 840 2725 ὃ.
863 2698 954 2724 nimis
971 2706 1032 2732 pro
1056 2698 1152 2725 ruinis
1174 2696 1208 2724 C.
1290 2705 1328 2725 ιι).
1350 2706 1363 2724 s
1389 2698 1495 2725 rnealis
1517 2697 1550 2725 C.
1630 2706 1670 2730 14.
1693 2698 1773 2724 enim

466 2733 635 2794 isecpeqdssrn
657 2740 780 2760 omnem
803 2732 837 2760 C.
911 2732 953 2759 23.
976 2738 1017 2759 tm
1040 2744 1071 2755 =
1092 2737 1209 2759 tantum
1231 2732 1265 2759 C.
1340 2740 1380 2760 2,.
1404 2733 1527 2767 rcgl'am
1549 2732 1582 2759 C⁴
1657 2733 1703 2759 26.
1726 2740 1775 2766 pa-

479 2776 513 2794 en
556 2775 563 2780 ·
611 2789 616 2794 .

536 2865 589 2905 37.
616 2865 704 2905 Aug.
731 2863 785 2894 De
811 2873 892 2895 vera
910 2863 1089 2906 religione,
1109 2873 1136 2895 c.
1155 2864 1231 2894 XVI
1251 2864 1393 2905 (Migne,
1412 2870 1435 2894 t.
1454 2864 1602 2902 XXXIV,
1630 2874 1662 2904 p.
1687 2862 1774 2903 135).

1797 579 1813 610 5

1799 879 1837 900 10

1798 1160 1834 1192 ιε’»

1795 1745 1834 1777 25

1794 2035 1836 2067 30

1794 2324 1833 2357 35
