2067 3298
219 281 309 310 CAP.
329 280 408 309 xm.
677 282 737 314 DE
764 281 1073 313 BLASPHEMIA.
1750 275 1824 322 ¹89

215 387 453 437 regulariter
485 385 680 435 peccunia
719 399 792 435 pro
824 386 1029 423 beneficiis
1069 385 1165 422 cleri
1204 384 1441 422 transmissa
1482 386 1533 421 ad
1549 392 1728 421 butmonks
1745 403 1824 422 area

215 446 368 483 curiam
402 446 650 482 infructuose
684 444 950 491 consumitur,
984 444 1061 480 nisi
1084 444 1187 480 forte
1210 443 1376 480 inducat
1400 456 1532 491 symo-
1555 429 1827 499 ξξέᾙέζὲὶέοξέῃζ

215 504 376 541 niacum
401 503 647 551 regnicolarn
672 511 950 539 venenantem.
985 505 1087 538 Nam
1112 510 1155 538 ut
1179 502 1236 538 sic
1260 501 1349 549 plus
1374 497 1760 560 tOllel‘a·tss'eff{³fi‘¹c¹gsf{³,sf
1777 500 1828 561 {¹32

215 562 312 599 biles
363 570 454 598 sunt
503 574 608 609 papa
659 570 696 597 et
746 560 970 597 cardinales
1021 559 1088 608 qui
1139 561 1374 596 thesaurum
1421 572 1533 607 regni
1576 567 1677 606 clergy
1698 568 1724 595 is
1745 568 1804 595 less

182 620 416 658 5cautelose
449 618 700 665 exhauriunt,
742 618 837 667 quia
879 631 901 655 a
934 617 1169 654 distanciori
1203 627 1240 654 et
1272 617 1442 654 tardiori
1476 601 1694 664 in-lg'alsssttttffig
1708 602 1827 665 {221²}ss

214 678 402 715 toxicant.
451 680 500 713 Et
542 680 584 712 2³
614 689 706 725 pars
745 685 856 724 patet
896 689 939 712 ex
980 677 1054 712 hoc
1094 677 1202 724 quod
1243 675 1455 712 defunctus
1494 675 1534 711 in
1566 671 1811 734 POffliSftfainSCglta

214 737 348 773 seculo
383 735 542 784 reliquit
575 734 649 771 sibi
682 734 818 771 omnia
851 735 957 771 bona
990 734 1148 770 fortune
1187 746 1264 782 que
1303 741 1533 778 remanent;
1759 729 1764 734 “

215 804 253 831 et
285 794 342 831 sic
375 806 467 842 sepe
490 794 709 842 prudenter
742 792 782 829 in
815 793 949 829 seculo
983 791 1283 840 disperguntur.
1317 792 1396 828 Sed
1430 793 1534 828 bona
1552 798 1684 826 Wliena
1705 800 1827 836 layman

216 852 392 901 religiosi
426 851 574 888 mortui
607 863 699 899 sepe
739 852 788 887 ad
830 863 968 887 eorum
1002 849 1348 898 putrefaccionem
1389 858 1427 886 et
1464 862 1535 898 per
1550 834 1828 897 ῗζθῗῃξᾷξῗζῖῖξξξ

160 926 199 947 10
216 922 466 959 consequens
505 911 555 946 ad
599 909 711 957 regni
757 908 1010 957 dispendium
1057 909 1374 944 absconduntur.
1422 904 1660 973 Patetsggggd
1683 905 1828 967 ᾗξῡὲἑθῒξ)

216 969 291 1005 hoc
324 981 367 1005 ex
399 967 662 1014 vestimentis,
695 966 822 1012 libris,
856 975 893 1002 et
927 966 1014 1002 aliis
1048 965 1247 1002 thesauris
1281 966 1321 1002 in
1354 967 1534 1002 corbano
1559 947 1694 1036 sybenpffi
1716 948 1815 1036 {maii

1582 1017 1635 1042 ies,
1657 1017 1672 1035 a
1738 1017 1753 1036 e
1796 1017 1829 1036 as

214 1026 341 1075 patris
374 1026 435 1062 sui
468 1024 728 1070 absconditis,
764 1037 841 1073 que
875 1024 1059 1061 diabolus
1083 1023 1284 1060 consumit
1307 1024 1533 1072 putredine,
1562 1044 1697 1070 remains
1719 1045 1749 1071 m
1770 1044 1820 1071 the

215 1084 398 1132 redigens
430 1083 515 1120 sine
548 1096 621 1119 usu
654 1095 793 1119 eorum
815 1082 876 1119 vel
899 1082 1030 1119 fructu
1064 1082 1104 1118 in
1136 1082 1225 1119 loca
1257 1083 1532 1128 subterranea,
1585 1079 1799 1140 COssgggrtn'gssd

215 1142 283 1178 ubi
316 1141 521 1179 residuum
555 1140 731 1177 thesauri
764 1140 823 1176 sui
849 1140 1122 1177 absconditur.
1157 1142 1205 1176 Et
1229 1139 1286 1176 sic
1310 1152 1353 1176 ex
1377 1140 1533 1176 cautela
1597 1148 1781 1184 completely

163 1207 199 1239 15
215 1213 287 1236 sua
320 1208 614 1237 consumuntur
646 1198 848 1247 superflue
882 1198 1056 1235 maxime
1089 1206 1340 1246 sumptuosa.
1630 1183 1757 1210 useless.

138 1265 176 1295 B.
274 1260 352 1295 Sed
389 1258 487 1294 tales
531 1256 771 1293 thesaurarii
815 1255 1015 1293 discerent
1059 1255 1319 1304 proverbium
1371 1264 1533 1304 captum
1610 1263 1767 1303 Letthem

216 1318 263 1353 de
302 1316 446 1362 herbis,
488 1315 700 1352 arboribus
739 1323 777 1351 et
816 1314 1002 1359 arbustis,
1043 1326 1119 1363 que
1159 1314 1263 1350 sicut
1308 1313 1472 1361 capiunt
1512 1326 1534 1349 a
1572 1299 1803 1368 εἷῗξξῇξΐῐζὶζὲῑ

215 1384 322 1411 terra
360 1374 539 1422 vigorem
579 1372 761 1409 humoris
799 1385 919 1421 quam
959 1381 1106 1419 sugunt
1153 1371 1246 1408 solis
1285 1371 1533 1408 adminiculo
1549 1367 1828 1432 Εῑὲῑΐξξὸὴξῑδῗξηῶζῇ

214 1434 262 1469 de
295 1432 378 1469 eius
407 1431 625 1469 visceribus
658 1431 698 1467 in
730 1439 866 1477 estate,
900 1430 955 1467 sic
987 1432 1161 1467 reddunt
1193 1430 1288 1466 folia
1322 1442 1413 1466 cum
1446 1429 1533 1466 aliis
1549 1438 1651 1465 which
1672 1439 1743 1475 they
1757 1439 1826 1474 give

158 1505 200 1526 20
216 1489 507 1527 mortificandis
542 1489 716 1526 bruinali
748 1497 944 1537 tempore,
977 1497 1021 1524 ut
1050 1487 1285 1537 superficies
1316 1497 1420 1524 terre
1459 1500 1532 1536 pro
1573 1473 1800 1536 basigaesssdssad

214 1549 347 1585 futuro
369 1548 548 1596 germine
581 1547 641 1584 sui
669 1546 824 1595 generis
857 1546 995 1595 apcius
1028 1546 1078 1582 sit
1111 1546 1263 1583 fimata.
1298 1545 1364 1582 Isti
1398 1554 1531 1582 autem
1576 1544 1800 1606 ffuffiffigifflss

215 1608 364 1643 abeunt
407 1618 596 1654 perverso
641 1604 782 1642 ordine
826 1614 981 1649 nature,
1034 1617 1080 1641 ac
1124 1605 1155 1640 si
1199 1604 1346 1641 vellent
1397 1616 1533 1640 creare
1560 1613 1673 1640 monks
1694 1600 1815 1641 reverse

216 1677 364 1702 novum
397 1665 594 1700 mundum
626 1664 688 1699 vel
720 1662 930 1711 antiquum
967 1662 1208 1710 extinguere.
1246 1663 1364 1698 Tales
1398 1670 1533 1698 autem
1577 1647 1746 1710 thengtrlcllreg·
1762 1648 1797 1675 of

217 1722 405 1770 religiosi,
452 1721 510 1758 bis
544 1721 706 1767 mortui,
747 1734 837 1757 cum
871 1729 1001 1757 morte
1040 1719 1214 1757 naturali
1252 1720 1375 1756 vitam
1416 1720 1533 1756 istam

159 1784 199 1817 25
217 1780 419 1825 finierunt,
465 1792 546 1816 non
585 1781 759 1816 reddunt
798 1780 871 1815 hec
909 1779 1058 1824 seculo,
1105 1791 1127 1815 a
1165 1790 1246 1827 quo
1286 1777 1425 1814 omnia
1458 1777 1534 1814 ista

217 1839 494 1885 exhauserant,
547 1838 615 1874 sed
665 1836 839 1885 principi
890 1838 1162 1882 tenebrarum,
1212 1836 1324 1872 cuius
1375 1837 1533 1881 robore,

216 1910 297 1933 non
319 1897 465 1933 virtute
498 1895 591 1932 solis
613 1895 782 1940 iusticie,
818 1896 890 1931 hec
913 1894 1052 1931 omnia
1070 1893 1261 1942 sacrilege
1285 1902 1534 1930 exsuxerunt.

217 1955 265 1991 Et
298 1956 370 1991 hec
402 1967 495 2002 pars
527 1966 568 1990 se
601 1953 775 1990 extendit
815 1955 866 1989 ad
900 1965 1040 1989 omnes
1075 1953 1310 1989 claustrales
1343 1953 1404 1988 vel
1437 1952 1535 1988 alios
1583 1951 1794 2015 Τὴῖίξυίθὸἒξῐεο

218 2014 480 2061 conglobatos
518 2011 791 2060 irregulariter
823 2011 940 2047 titulo
973 2010 1266 2059 perpetuitatis,
1312 2010 1440 2046 eciam
1485 2011 1536 2046 ad
1605 2023 1783 2085 mfinfiicam

161 2077 203 2109 30
219 2071 439 2108 mendicos.
1662 2066 1749 2085 mars.

275 2131 395 2165 Istam
429 2137 562 2165 autem
602 2140 843 2164 venenosam
867 2126 1127 2163 virulenciam
1164 2126 1389 2162 niterentur
1423 2137 1556 2173 reges,
1580 2127 1663 2166 Such
1684 2128 1795 2163 deadly

218 2196 255 2224 et
293 2199 434 2223 omnes
483 2186 682 2223 cristicole
720 2186 942 2222 secundum
983 2197 1098 2232 posse
1143 2197 1258 2220 suum
1305 2162 1827 2232 extrudere3Lssfegfftosssssstffiffltf,

217 2247 367 2282 nedum
406 2244 501 2293 quia
538 2243 822 2281 inevitabiliter
861 2252 898 2279 et
936 2242 1219 2279 innaturaliter
1258 2250 1456 2290 pauperat
1498 2250 1535 2278 et
1551 2232 1827 2294 bayl'Kffllgsisainadnpy

218 2305 426 2351 perturbat
465 2301 773 2350 rempublicam,
824 2314 962 2338 verum
1009 2300 1105 2349 quia
1151 2300 1361 2337 manifeste
1410 2288 1829 2347 vergitwitnoutwaitin’g

163 2367 202 2400 35
220 2362 269 2398 ad
285 2361 348 2397 dei
371 2360 574 2397 iniuriam.
601 2360 698 2405 Quis
723 2359 843 2407 igitur
865 2359 1056 2396 secularis
1074 2367 1300 2406 expectaret
1322 2357 1533 2394 licenciam
1562 2337 1609 2364 for
1630 2337 1816 2399 {Iezzggefflrrom

220 2419 300 2455 sive
324 2420 530 2455 decretum
554 2417 751 2455 anticristi
775 2417 815 2453 in
838 2417 1009 2454 talibus?
1033 2416 1129 2465 quin
1152 2415 1294 2464 pocius
1316 2428 1390 2464 pro
1415 2428 1536 2452 causa

221 2477 283 2513 dei
316 2486 511 2525 tanquam
547 2476 661 2513 aliter
694 2478 852 2523 Moyses
885 2475 1047 2522 fureret,
1082 2483 1118 2511 et
1141 2475 1286 2511 saltem
1311 2474 1535 2510 inanimata

221 2534 488 2571 instrumenta
521 2533 671 2571 diaboli
703 2533 1017 2582 conquassaret?
1062 2532 1127 2569 Sic
1167 2532 1272 2569 enim
1306 2544 1447 2569 omnes
1480 2532 1536 2568 la-

221 2593 334 2641 pides
367 2592 494 2641 politi,
534 2605 674 2628 omnes
706 2592 910 2639 sculpture
944 2590 1149 2636 aurifabri,
1191 2599 1228 2627 et
1268 2602 1407 2626 omnes
1441 2589 1536 2626 artis

163 2667 208 2697 40
223 2652 397 2687 humane
437 2650 585 2687 fabrice
618 2663 690 2698 pro
731 2663 802 2686 suo
834 2658 1017 2696 tempore
1051 2657 1354 2685 consumantur.
1389 2647 1538 2684 Omnia

293 2796 317 2824 3.
332 2802 493 2825 venantem
508 2796 575 2825 AC.
659 2805 693 2825 11.
710 2797 747 2824 de
761 2796 848 2824 libris
863 2796 901 2831 B;
923 2796 960 2823 ib.
977 2795 1112 2823 corbana
1127 2794 1161 2823 C.
1231 2793 1266 2823 15.
1283 2794 1478 2823 consumitur
1491 2794 1537 2827 A:

224 2837 446 2860 consumentur
460 2832 495 2860 C.
552 2833 593 2859 16.
609 2832 746 2859 thezauri
761 2833 799 2859 A.
857 2840 898 2866 19.
914 2831 983 2858 aliis
997 2833 1084 2858 deest
1096 2831 1128 2858 B.
1184 2838 1231 2858 20.
1247 2830 1476 2876 fortificaiidum
1492 2832 1536 2864 A;

225 2879 473 2906 mortificandum
495 2878 550 2905 Bu*
606 2885 646 2905 21.
672 2878 776 2905 futuro
803 2882 942 2911 ternpore
968 2877 1106 2912 germine
1125 2877 1164 2904 A.
1245 2875 1286 2904 31.
1307 2875 1412 2911 veosa3
1432 2878 1477 2907 A:
1499 2876 1536 2903 ib.

224 2913 430 2941 verulenciain
453 2913 486 2940 C.
578 2912 619 2940 35.
640 2912 793 2940 addicitur
814 2914 851 2939 A.
938 2911 985 2948 39,
1005 2920 1056 2946 40.
1081 2916 1109 2939 et
1127 2927 1160 2930 —
1180 2911 1295 2938 fabrice
1321 2912 1351 2939 in
1378 2918 1480 2949 marg.
1502 2912 1537 2941 t„
