2067 3298
249 255 261 279 1
274 255 326 291 74
958 250 1181 283 JOHANNIS
1207 251 1393 283 WYCLIF
1669 250 1758 279 CAP.
1780 250 1835 278 ΧΠ

256 366 279 393 it
299 365 325 392 is
345 369 376 391 to
398 371 447 390 see
466 367 497 389 to
528 354 589 391 vel
620 354 837 402 superioris
869 355 1012 403 prelati
1033 355 1212 393 visitario
1236 357 1352 393 debet
1373 356 1521 393 versari
1545 356 1650 394 circa
1679 359 1846 395 salutem

265 400 497 462 igitiiermtiiaiffz
529 412 660 448 anime
693 412 775 449 ovis
809 413 1004 460 morbide,
1039 427 1084 450 ac
1112 414 1319 462 proximus
1354 423 1515 451 curatus
1540 416 1657 451 debet
1682 416 1846 465 diligen-

303 474 450 503 stranger.
530 470 613 506 cius
646 471 722 506 hoc
745 470 875 507 facere
899 484 1019 519 quam
1045 481 1244 521 remotus,
1268 474 1318 509 ad
1343 484 1433 508 eum
1457 472 1641 521 pertinet,
1668 483 1847 510 ammoto

530 536 682 564 tortore
715 528 951 576 extrinseco,
991 531 1041 566 ad
1075 542 1212 566 curam
1247 530 1357 567 illam
1391 532 1610 567 attendere.

269 597 325 624 But
345 596 415 630 they
437 602 489 630 say
588 587 666 622 Sed
691 586 754 623 hic
777 586 963 623 vendicat
992 600 1083 635 pars
1115 587 1325 634 anticristi,
1357 590 1465 637 quod
1495 589 1848 637 quocienscunque

242 629 515 701 ξξξῐὲζῇῗὶᾞζῗξ
529 644 588 679 vel
612 653 985 693 quantumcumque
1004 646 1273 693 parochianus
1292 655 1484 694 purgatus
1502 647 1620 684 fuerit
1639 660 1661 683 a
1677 655 1846 693 rectore,

249 693 509 766 ἳῖὃὸἓξὲξζξῗϊξξ
531 703 625 737 dum
641 710 721 738 tam
730 714 777 738 en
793 704 967 739 decanus
987 702 1028 740 in
1048 703 1159 740 libris
1182 703 1262 740 suis
1283 717 1394 740 reum
1411 705 1612 753 reperiens
1627 718 1708 741 non
1724 706 1847 741 habu-

243 771 327 797 Dean
340 768 441 796 would
455 768 513 795 stin
531 759 605 795 erit
626 761 792 807 predam
816 773 944 806 suam,
976 761 1071 798 citat
1101 771 1138 798 et
1169 762 1445 799 excomunicat
1474 772 1848 811 quantumcumque

243 804 755 867 ἓξζὲῑξξῖξᾙξίἱὲζξὲἱῃῑηυῃθῐη;
790 818 883 867 quia
906 818 1033 866 aliter,
1067 829 1109 856 ut
1134 819 1289 865 dicitur,
1324 821 1577 868 superiorum
1599 822 1846 870 prelatorum

242 873 515 936 &fflfftiigsxssgfirili
530 875 640 912 lucra
657 884 693 912 et
708 876 840 913 officia
857 886 1121 914 cassarentur.
1147 880 1296 916 Contra
1313 878 1431 915 istam
1447 879 1698 916 blasfemiam
1714 891 1848 916 versu-

311 943 451 978 nothing.
531 945 633 969 elam
657 933 826 970 instatur
847 934 1075 982 tripliciter:
1100 936 1231 984 primo
1255 950 1324 985 per
1347 937 1436 984 hoc,
1461 939 1569 986 quod
1592 937 1698 974 iuxta
1720 938 1846 985 legem

264 979 497 1049 fflgp‘ggessssffift,
531 991 592 1027 dei
633 1004 714 1028 non
752 992 844 1029 licet
883 993 1026 1041 punire
1059 993 1256 1031 insontem
1297 995 1502 1031 inmunem
1537 1008 1559 1032 a
1593 995 1773 1041 crimine,
1807 1004 1850 1031 ut

248 1056 330 1110 ἓξὲξ
349 1046 506 1109 ffisfflssfdr
531 1058 639 1097 patet
685 1078 828 1087 .....
871 1060 909 1087 et
954 1063 1047 1099 sepe
1086 1053 1195 1089 alibi.
1244 1055 1321 1090 Sed
1360 1054 1463 1100 talis,
1509 1063 1553 1090 ut
1593 1053 1847 1102 supponitur,

464 1090 516 1117 ΕΘΓ

267 1118 364 1180 guiltdy
386 1118 489 1144 before
529 1117 723 1155 purgatur
755 1121 776 1144 a
810 1108 997 1147 crimine:
1035 1122 1127 1158 ergo
1151 1124 1231 1147 non
1253 1111 1347 1148 licet
1370 1113 1534 1158 decano,
1560 1111 1847 1160 sequestratori

285 1153 481 1215 Gssusstffgrery
530 1166 590 1202 vel
634 1165 714 1212 alii,
759 1166 814 1203 sic
855 1167 1158 1205 mundificatum
1199 1182 1221 1206 a
1259 1171 1334 1206 deo
1372 1170 1504 1206 taliter
1542 1170 1696 1218 punire.
1736 1172 1846 1215 Item,

259 1221 504 1284 Ρῦξὲξξξέἓιῐὲῑδ
531 1224 628 1260 deus
679 1237 760 1261 non
812 1225 871 1262 bis
916 1226 1032 1274 punit
1081 1226 1122 1263 in
1166 1227 1205 1263 id
1249 1227 1395 1275 ipsum,
1456 1241 1545 1265 cum
1593 1228 1768 1276 perfecte
1813 1236 1849 1263 et

246 1292 380 1320 inflicted
403 1292 441 1328 by
460 1293 510 1319 the
531 1281 684 1330 integre
716 1284 839 1320 semel
870 1284 1024 1332 punivit
1058 1285 1282 1322 confessum
1316 1286 1357 1322 in
1391 1295 1544 1333 curato,
1578 1296 1620 1322 ut
1651 1299 1848 1334 suppono.

256 1327 503 1389 insszvgssnssumaann·
533 1341 638 1386 Ideo,
678 1340 710 1376 si
751 1350 914 1389 propter
951 1342 1058 1379 idem
1099 1352 1309 1391 peccatum
1350 1344 1494 1381 iterum
1535 1344 1738 1392 puniatur,
1773 1345 1848 1380 hoc

241 1397 606 1466 tormpegffotiiiriighterit
650 1410 720 1446 per
764 1399 983 1447 diabolum,
1039 1402 1156 1438 deum
1204 1403 1369 1438 malum.
1422 1402 1550 1439 Aliter
1595 1402 1700 1439 enim
1746 1402 1848 1439 foret

266 1466 362 1494 inflict
382 1475 397 1493 a
417 1466 500 1493 third
535 1457 768 1504 desperacio
802 1459 850 1494 de
873 1467 1052 1506 peccatO,
1083 1472 1172 1496 cum
1197 1459 1403 1497 satisfacto
1427 1473 1500 1508 pro
1524 1460 1689 1497 crimine
1713 1469 1848 1508 posset

260 1501 508 1563 Ssseffinffsssstfflfft
534 1513 633 1550 alius
678 1523 807 1552 tortor
853 1519 1080 1564 succedere,
1140 1518 1391 1555 vendicando
1436 1520 1545 1567 quod
1590 1532 1671 1555 non
1717 1519 1848 1555 adhuc

243 1570 517 1641 esscgbdgievsfflfflfim
533 1572 629 1608 satis
674 1573 723 1609 sit
770 1573 863 1620 sibi3
904 1583 941 1611 et
979 1583 1069 1623 post
1108 1574 1240 1623 ipsum
1282 1585 1486 1613 mortuum
1521 1577 1584 1613 vel
1625 1578 1847 1622 cedentem,

469 1626 474 1632 '
534 1629 614 1666 alii.
654 1632 702 1667 Et
740 1631 795 1668 sic
833 1634 1054 1669 secundum
1094 1633 1336 1671 tradiciones
1374 1647 1496 1671 novas
1536 1634 1719 1671 diabolus
1757 1647 1849 1683 pro-

268 1698 350 1727 Such
372 1706 388 1725 a
408 1698 498 1725 claim
532 1689 765 1736 grederetur
787 1703 907 1738 supra
930 1690 1155 1727 dominium
1177 1692 1259 1729 sine
1284 1692 1373 1730 fine.
1398 1694 1508 1739 Item,
1535 1705 1624 1729 cum
1650 1694 1849 1729 secundus

255 1733 507 1801 blizrirsgffixsnpssigtly
532 1755 660 1783 tortor
690 1747 876 1785 vendicat
907 1749 1123 1797 pedagium
1157 1763 1271 1787 suum
1307 1764 1379 1798 pro
1402 1750 1648 1799 purgacione
1671 1750 1849 1787 criminis

251 1802 441 1865 incogiOdiS
532 1804 733 1851 conmissi,
787 1806 978 1854 supponit
1030 1807 1162 1855 ipsum
1216 1809 1348 1845 adhuc
1400 1809 1578 1857 plenarie
1630 1822 1711 1846 non
1766 1821 1849 1845 esse

359 1842 460 1873 petent
479 1842 508 1864 to

253 1873 343 1900 remit
363 1873 409 1900 sin
430 1873 506 1900 until
532 1872 806 1911 expurgatum.
842 1865 919 1901 Sed
944 1864 1040 1901 dicit
1061 1865 1255 1914 implicite
1288 1869 1395 1915 quod
1429 1868 1525 1904 deus
1558 1867 1599 1903 in
1632 1880 1672 1903 se
1695 1866 1848 1903 derisus

249 1908 447 1978 Ῑῖῑζίῗῐξζᾎξῇ
470 1908 509 1943 by
532 1929 569 1957 et
611 1920 858 1959 insufficiens
892 1932 1094 1971 exspectat
1127 1937 1338 1973 quousque
1370 1937 1441 1973 per
1475 1925 1700 1973 symoniam
1735 1937 1845 1961 suam

531 1978 750 2016 reddiderit
782 1981 1038 2029 purgacionis
1062 1982 1249 2018 ultimum
1275 1984 1630 2032 complementum.
1658 1984 1735 2020 Sed
1759 1982 1847 2030 quis

531 2050 710 2085 unquam
764 2038 916 2076 audivit
964 2040 1090 2088 magis
1137 2041 1379 2078 horrendam
1428 2041 1705 2077 blasfemiam?
1758 2043 1881 2076 Non?

531 2095 635 2131 enim
676 2104 767 2132 sunt
800 2098 910 2144 deus,
949 2111 1030 2134 non
1062 2111 1351 2146 recognoscens
1391 2112 1552 2136 causam
1586 2099 1847 2147 superiorem,

532 2153 727 2190 dicentes:
761 2155 824 2191 Sic
857 2156 971 2204 vollo,
1004 2156 1058 2192 sic
1089 2157 1197 2193 iubeo
1230 2157 1314 2194 etc?
1348 2159 1425 2194 Sed
1443 2166 1577 2205 preter
1607 2157 1847 2205 scripturam

531 2211 671 2248 falsam
703 2213 926 2249 voluntarie
959 2214 1101 2250 rotulis
1139 2215 1219 2251 suis
1260 2215 1508 2263 rescriptam,
1550 2224 1708 2263 oportet
1742 2217 1847 2263 quod

531 2268 654 2306 nichil
704 2271 860 2318 alegent
905 2284 947 2308 ex
992 2281 1105 2320 parte
1144 2273 1206 2309 dei
1251 2273 1530 2320 beneficencie,
1576 2286 1653 2322 que
1693 2273 1732 2309 in
1771 2273 1849 2309 fine

532 2327 690 2364 sonabit
724 2328 1011 2377 purgacionem
1046 2342 1068 2366 a
1102 2330 1279 2369 crimine.
1319 2332 1397 2368 Sed
1431 2343 1521 2368 cum
1555 2330 1665 2368 illam
1698 2330 1874 2379 perfec-.

531 2393 614 2422 tam
649 2386 824 2423 creditur
856 2400 878 2424 a
910 2388 1075 2425 domino
1107 2389 1228 2435 gratis
1262 2390 1411 2435 datam,
1434 2402 1515 2425 non
1537 2398 1696 2438 oportet
1719 2401 1849 2437 symo-

533 2443 646 2481 niace
679 2456 812 2482 emere
845 2446 932 2493 plus
965 2446 1198 2494 perfectam.

605 2635 632 2665 6.
654 2637 771 2666 arciore
792 2638 831 2665 A.
905 2646 939 2665 11.
960 2637 1123 2673 tripliciter
1144 2637 1228 2665 deest
1245 2638 1288 2669 A;
1311 2638 1349 2664 ih.
1372 2637 1472 2673 primo
1494 2638 1578 2665 deest
1598 2638 1629 2665 B.
1705 2636 1740 2665 13.
1764 2637 1849 2673 after

534 2677 615 2707 patet
639 2680 658 2700 a
686 2681 744 2708 gap
770 2680 873 2700 omnes
900 2672 990 2700 MSS.
1100 2681 1138 2708 17.
1167 2673 1258 2699 semel
1287 2672 1374 2706 punit
1399 2674 1444 2706 Α;
1477 2673 1566 2708 punit
1593 2672 1644 2699 sed
1672 2672 1746 2699 deus
1773 2674 1847 2699 deus

534 2719 626 2746 semel
647 2719 685 2752 133
708 2710 772 2746 fiffil
795 2729 825 2743 =
847 2719 938 2746 simul
960 2719 1000 2753 C;
1021 2720 1059 2746 ih.
1082 2719 1269 2754 supponitur
1290 2718 1349 2747 BC.
1428 2719 1468 2746 18.
1490 2727 1506 2746 a
1527 2719 1583 2746 deo
1604 2719 1635 2746 in
1656 2726 1770 2746 rasura
1787 2727 1847 2754 pro

534 2753 605 2781 Ideo
632 2754 667 2781 C.
787 2761 833 2781 20.
861 2753 1035 2781 satisfaccio
1062 2761 1166 2781 omnes
1191 2752 1282 2780 MSS.
1402 2761 1445 2781 22.
1473 2762 1509 2802 e}
1535 2761 1574 2789 p9
1601 2755 1646 2787 A;
1674 2762 1709 2789 ep
1737 2761 1784 2799 '09
1812 2753 1846 2781 C.

533 2818 592 2850 27..
606 2811 725 2838 divisus
751 2811 785 2839 C.
881 2810 927 2839 30.
949 2811 1075 2851 inquam
1097 2810 1131 2839 C.
1222 2809 1265 2838 32.
1288 2811 1358 2850 dim
1375 2819 1436 2847 pro
1457 2811 1593 2839 dicentes
1614 2811 1666 2851 C.⁴
1739 2809 1781 2838 33.
1802 2811 1847 2838 in—

534 2850 668 2885 scriptam
685 2844 719 2873 C.
792 2845 839 2880 34.
861 2846 886 2873 le
910 2851 959 2873 ent
971 2846 1042 2885 AC,
1062 2846 1099 2872 th.
1123 2846 1357 2873 beneficenciam
1379 2854 1483 2874 omnes
1496 2845 1587 2873 MSS.
1661 2844 1702 2880 35,
1718 2844 1764 2872 36.
1781 2854 1847 2880 per-

533 2880 702 2908 feccmnem
722 2880 787 2908 AB.
860 2879 876 2908 3
901 2903 906 2909 .
928 2881 1066 2916 gredltur
1085 2882 1125 2908 A.

1865 592 1881 623 5

1869 893 1907 913 10

1870 1172 1905 1204 15

1865 1473 1907 1494 20
