2067 3298
115 262 168 297 94
840 254 1064 287 JOHANNIS
1090 253 1276 285 WYCLIF
1554 250 1643 277 CAP.
1665 249 1717 276 V1.

187 371 242 398 Yet
262 370 313 397 the
405 361 479 398 sibi
515 361 719 398 meritorie
752 360 928 397 obedire.
969 361 1047 397 Sed
1081 359 1248 396 ballivus
1282 371 1371 395 cum
1407 358 1521 395 bonis
1562 357 1718 394 domini

143 405 274 468 Stfg‘s'fft}
296 405 360 466 {3²5⁸
407 429 443 456 et
489 428 628 456 contra
673 428 907 467 preceptum
954 431 1071 455 suum
1110 418 1317 453 onerando
1362 425 1399 452 et
1440 416 1616 464 ligando,
1662 415 1719 450 in-

114 474 385 546 disgiggsizswliiin:
407 477 621 525 disponens
645 489 803 513 servum
828 476 951 513 alium
976 477 1025 512 ad
1041 475 1333 523 perficiendum
1350 473 1503 510 domini
1526 473 1717 518 officium,

141 545 199 572 and
221 545 291 581 they
312 552 362 571 are
406 548 476 583 per
515 536 623 583 quod
668 534 872 582 reciproce
915 534 1134 579 iuvaretur,
1174 532 1359 580 displicet
1397 531 1563 567 domino
1604 539 1640 567 et
1679 542 1719 566 se

172 588 211 607 ΠΟ
232 587 327 607 more.
405 593 535 641 ipsum
571 592 837 640 dampnificat
870 604 915 628 ac
949 603 1175 628 conservos
1211 592 1259 626 Et
1293 591 1365 626 hec
1400 589 1577 626 creditur
1610 588 1753 624 racio5

405 663 528 699 quare
573 651 714 696 clerus,
765 649 822 685 sic
881 650 1145 697 repugnando
1195 647 1442 684 secularibus
1493 646 1612 692 (iusto
1658 645 1720 682 dei

403 708 587 756 iudicio),
622 707 731 756 ipsos
764 706 1028 755 spiritualiter
1059 707 1242 742 nocendo
1276 704 1430 754 inpedit
1453 713 1490 741 et
1519 717 1538 740 e
1567 713 1719 740 contra.

404 768 454 802 Et
497 766 573 802 ista
618 775 676 802 est
720 765 916 813 generalis
960 763 1219 812 perturbacio
1264 763 1305 799 in
1343 763 1419 799 illis
1458 774 1533 811 que
1573 763 1720 798 debent

404 836 487 860 esse
521 825 599 859 duo
632 823 796 860 brachia
829 822 968 859 matris
1002 821 1167 858 ecclesie
1199 821 1382 857 iuvancia
1404 833 1445 857 se
1469 829 1507 856 et
1531 829 1720 865 matrem3

404 882 454 917 ad
472 890 629 917 tantum
647 880 752 918 enim
779 880 931 917 cecavit
951 879 1135 917 diabolus
1154 879 1418 916 obturacione
1434 877 1719 926 temporalium
1742 891 1780 912 10

404 939 601 975 anticristi
625 938 856 987 discipulos,
892 939 1000 987 quod
1029 938 1249 974 defendunt
1278 937 1468 973 blasfeme
1500 949 1573 972 nec
1602 936 1721 972 licere

405 997 576 1033 seculari
622 996 787 1033 brachio
833 1009 1009 1033 errorem
1049 1008 1166 1032 suum
1204 995 1244 1031 in
1284 994 1360 1031 isto
1396 994 1609 1042 corrigere,
1648 1005 1721 1030 nec

405 1056 586 1090 dextrum
641 1054 864 1101 brachium,
919 1062 1293 1102 quamtumcunque
1337 1053 1541 1088 infirmum
1588 1051 1720 1097 fuerit,

406 1112 608 1149 adiuvare.
644 1114 722 1149 Sed
755 1122 850 1149 tunc
883 1111 1047 1148 indubie
1080 1120 1298 1159 utrumque
1331 1110 1556 1156 brachium,
1591 1118 1628 1145 et
1651 1121 1723 1157 per

407 1183 656 1219 consequens
695 1180 825 1207 totum
866 1183 1012 1218 corpus
1051 1169 1157 1206 illius
1196 1168 1360 1206 ecclesie
1406 1167 1719 1216 malignancium
1742 1169 1778 1202 15

408 1237 465 1265 est
498 1228 827 1265 irremissibiliter
860 1230 1216 1276 condempnatum.

478 1394 502 1414 2.
523 1394 657 1414 onerans
679 1386 738 1413 BC.
811 1394 840 1419 4.
862 1385 1042 1413 iuvarentur
1061 1385 1093 1412 B.
1168 1393 1209 1418 14.
1232 1384 1391 1411 brachium
1412 1383 1494 1410 deest
1514 1383 1549 1410 C.
