2067 3298
216 235 305 263 CAP.
326 235 421 263 xvu.
668 237 728 268 DE
754 236 1061 268 BLASPHEMIA.
1734 230 1811 267 263

217 346 294 381 Sed
339 353 496 381 constat
540 346 649 393 quod
693 351 890 391 repugnat
935 342 1161 391 cuicunque
1207 341 1372 378 domino
1417 341 1527 377 abuti
1559 351 1637 379 their
1658 352 1792 387 subjeets

216 415 413 451 possesso,
459 402 561 438 sicut
600 410 797 450 repugnat
836 401 1061 449 cuicunque
1098 401 1259 437 subdito
1292 400 1527 436 subtrahere
1603 394 1765 463 chessfflssy

216 460 520 497 ordinacionem
544 461 603 496 vel
627 459 838 496 servicium
863 458 1015 494 domini
1042 458 1237 506 capitalis.
1263 460 1367 494 Deus
1391 465 1525 493 autem
1611 464 1746 491 offices⁷'.

395 519 402 524 .
586 518 592 523 .
660 518 666 524 .
766 517 772 522 .
1355 515 1362 521 ·
1517 514 1524 520 ·
1554 499 1611 526 But
1632 499 1720 533 kings
1741 507 1811 534 may

217 527 273 555 est
295 520 482 555 dominus
506 519 689 566 capltalls
713 529 985 565 cuiuscunque
1009 525 1203 553 creature.
1238 517 1330 552 Ideo
1354 528 1393 551 111
1416 527 1527 551 omnl
1548 538 1601 560 not
1620 534 1714 560 abuse
1734 534 1813 561 their

184 576 428 613 Sexaccione
461 576 564 624 regis
598 589 678 624 quo
712 577 762 611 ad
795 574 1006 611 servicium
1042 574 1281 611 clericorum
1317 574 1434 609 debet
1466 585 1527 608 ex-
1566 568 1801 638 Γὲἕωὴὲῖῐξΐὲξῃῐω

217 634 295 682 cipi
340 634 551 671 servicium
598 634 776 670 debitum
822 632 879 668 illi
925 632 1090 669 domino
1136 631 1312 680 capitali.
1366 633 1524 675 Ymmo,
1571 638 1659 677 those
1679 637 1780 676 ofrhe

216 692 424 740 supposito
457 693 565 740 quod
598 692 688 728 talis
722 699 910 739 apostota
944 690 1189 727 consentiret
1219 691 1280 726 vel
1319 689 1525 725 affectaret
1549 672 1809 742 {uffiassfffiffiffi}

215 750 271 786 sic
295 759 548 786 monstruose
579 749 826 786 secularibus
850 748 1024 785 dominis
1048 748 1259 793 deservire,
1292 747 1348 783 illi
1371 746 1525 783 domini
1541 742 1815 812 prcigigtzdtiiizsuld

216 810 511 845 detestarentur
544 820 611 844 eos
644 817 853 855 tamquam
887 806 1047 843 inutiles
1081 815 1117 843 et
1149 806 1378 854 proditores
1402 804 1464 841 dei
1489 813 1526 840 et
1576 812 1611 838 be
1631 819 1647 838 a
1667 811 1776 838 traitor

162 867 446 911 1ohominum3
479 879 552 902 nec
581 866 669 914 plus
699 873 956 913 acceptarent
985 877 1122 901 eorum
1158 863 1368 900 servicium
1404 875 1522 911 quam
1575 845 1784 915 ffiaffioffvhasssffl

215 926 447 969 demonum,
494 937 583 960 cum
625 924 874 971 acceptando
913 922 1160 959 involverent
1198 934 1238 958 se
1277 920 1526 957 infidelitatis
1553 915 1670 943 service
1690 916 1800 943 should

214 982 393 1030 periculo
427 991 523 1030 aput
557 983 688 1026 deum,
725 990 761 1018 et
784 981 993 1017 inficerent
1026 993 1066 1017 se
1100 980 1326 1028 proditorio
1359 978 1526 1015 servicio
1560 951 1798 1021 aggegffeainssig'n

215 1052 285 1088 per
317 1041 439 1077 talem
480 1039 686 1076 clericum.
740 1041 847 1085 Ideo,
892 1038 998 1074 idem
1039 1047 1139 1075 esset
1179 1038 1348 1085 regalias
1387 1049 1526 1085 regum
1549 1021 1637 1047 those
1656 1021 1691 1048 of
1708 1021 1815 1048 devsss.

214 1098 313 1135 illud
335 1098 502 1146 exigere,
536 1106 586 1144 et,
621 1098 898 1134 blasfemantio
922 1109 962 1132 se
986 1108 1070 1132 esse
1093 1096 1322 1144 superiores
1347 1094 1526 1139 domino,

162 1156 376 1193 15inficere
421 1168 461 1192 se
506 1164 543 1192 et
587 1168 768 1203 regnum.
822 1157 870 1190 Et
910 1163 1020 1202 patet
1065 1155 1173 1203 quod
1218 1153 1430 1202 promocio
1469 1165 1528 1200 sy-

216 1214 391 1251 moniaci
430 1213 604 1262 parturit
642 1213 738 1249 talia
779 1212 907 1260 magis
947 1213 1073 1257 mala;
1122 1212 1215 1260 quia
1248 1212 1288 1248 in
1321 1212 1398 1248 hoc
1436 1223 1527 1247 con-

216 1272 388 1317 ducitur,
422 1281 465 1308 ut
498 1272 546 1308 sit
580 1271 764 1319 proditor
798 1272 871 1307 deo
905 1283 990 1306 suo.

271 1332 352 1367 Nec
374 1339 465 1366 sunt
489 1329 690 1366 evidencie
715 1328 865 1365 diaboli
900 1328 1018 1376 digne
1044 1328 1251 1364 memoria.
1288 1326 1394 1363 Dicit
1417 1326 1522 1362 enim
1544 1345 1610 1372 The
1630 1350 1808 1380 arguments

215 1390 323 1436 quod
356 1397 434 1424 stat
468 1388 658 1424 clericum
694 1387 825 1424 facere
858 1395 1076 1434 utrumque
1109 1385 1342 1422 servicium:
1377 1386 1445 1421 sed
1470 1384 1524 1420 illi
1569 1379 1598 1406 ³¹¹
1620 1380 1731 1407 favour
1751 1380 1786 1406 of

1541 1414 1601 1441 this
1625 1420 1745 1441 custom
1767 1422 1817 1441 are

158 1459 200 1480 20
215 1446 348 1483 clerici
373 1459 454 1482 non
478 1455 568 1482 sunt
591 1445 772 1493 apciores
796 1457 916 1494 quam
951 1453 1063 1481 erant
1096 1442 1283 1492 apostoli.
1318 1443 1396 1491 Ipsi
1420 1442 1525 1479 enim
1542 1457 1613 1484 very
1628 1450 1723 1476 weak.
1744 1449 1770 1477 It
1791 1449 1817 1476 is

213 1517 295 1540 non
328 1505 535 1550 sufferunt,
570 1504 654 1539 sine
686 1512 853 1551 peccato
887 1502 1131 1547 omissionis,
1166 1514 1266 1550 pure
1289 1501 1435 1537 servire
1460 1502 1528 1536 do·
1549 1484 1817 1546 gfff-{ffcfelssafcalssloffe

215 1562 324 1598 mino
347 1565 438 1598 Jesu
459 1562 604 1600 Cristo.
640 1563 856 1607 Quomodo
889 1561 1009 1609 igitur
1042 1560 1206 1596 serviret
1239 1559 1313 1595 sibi
1346 1559 1527 1606 inculpa-
1545 1554 1810 1623 pertffissffgcil-vthe

215 1620 347 1657 biliter
384 1621 474 1657 talis
514 1620 666 1656 derisus
712 1619 955 1655 homuncio?
1007 1621 1147 1655 Nonne
1187 1617 1283 1654 dicit
1321 1616 1529 1666 apostolus
1608 1623 1755 1658 Apostles

214 1678 462 1726 negativam:
507 1690 616 1714 nemo
656 1678 826 1713 militans
865 1678 934 1713 deo
973 1677 1145 1725 implicat
1183 1689 1223 1712 se
1261 1675 1431 1726 negociis
1469 1658 1819 1727 se-threlgitsghvlclzglvssgre

157 1737 196 1770 25
215 1737 441 1773 cularihus?
494 1737 572 1773 Sed
616 1735 684 1772 ubi
727 1743 785 1771 est
831 1735 961 1771 maior
1004 1734 1248 1782 implicaciQ
1303 1746 1423 1781 quam
1472 1732 1527 1768 sic
1592 1727 1755 1789 Ᾱξθᾶῖῗζξὲ

214 1794 372 1831 assidua
398 1803 433 1831 et
457 1793 699 1841 obligatoria
723 1802 759 1829 et
782 1794 987 1829 mundana
1011 1791 1286 1828 ministracio?
1319 1790 1527 1827 Alienacio
1543 1796 1675 1835 Christ⁷s
1696 1796 1812 1823 service

213 1853 375 1901 quidem
409 1865 430 1889 a
455 1851 574 1889 Cristi
608 1851 777 1888 servicio
811 1864 887 1899 que
920 1851 960 1887 in
992 1850 1102 1887 omni
1135 1862 1279 1897 genere
1313 1849 1407 1885 cleri
1441 1831 1818 1902 001·-w¹151e‘}¹1b{¹13,³4{¹{1¹2‘}{y

133 1912 175 1943 H·
213 1911 306 1957 ruit,
352 1919 409 1947 est
448 1909 741 1958 implicacionis
787 1909 978 1945 secularis
1022 1908 1273 1944 testificacio.
1328 1905 1527 1943 Secularis
1542 1901 1817 1962 hastagrelrdvethe

214 1978 348 2006 autem
395 1981 488 2014 non,
534 1976 577 2004 ut
616 1968 684 2013 sic,
732 1967 879 2003 militat
925 1968 1013 2011 deo,
1059 1967 1128 2002 sed
1172 1966 1275 2002 forte
1320 1964 1527 2001 venialiter

158 2029 199 2060 30
214 2027 334 2064 servit
368 2027 534 2063 mundo.
569 2027 717 2062 Laxent
751 2025 886 2074 itaque
910 2024 1044 2061 clerici
1068 2024 1123 2060 sic
1147 2032 1390 2071 pompantes
1413 2035 1525 2058 suam
1566 2041 1621 2068 Let
1641 2041 1723 2068 them
1745 2045 1797 2068 not

216 2098 401 2133 magnam
436 2084 721 2132 operacionem
751 2083 790 2119 in
820 2083 1050 2131 piscacione
1085 2081 1290 2118 hominum
1335 2084 1392 2117 2¹1¹
1420 2079 1528 2116 recia
1558 2076 1645 2103 '³0³⁵‘
1666 2076 1701 2103 of
1719 2076 1808 2111 being

1544 2111 1651 2138 fishers
1672 2111 1706 2138 of
1724 2119 1809 2138 men:

216 2143 343 2179 sancti
378 2143 496 2179 Petri.
551 2143 628 2178 Sed
661 2141 726 2178 ille
760 2141 904 2177 relictis
937 2141 1111 2176 omnibus
1144 2148 1236 2176 ante
1270 2141 1343 2175 hec
1375 2145 1528 2175 secutus
1545 2146 1630 2172 Peter
1649 2146 1701 2172 left
1721 2146 1759 2172 an
1780 2150 1811 2172 to

92 2203 175 2233 Luc-
216 2208 270 2238 est
304 2200 515 2237 dominum
551 2202 683 2236 Jesum
710 2199 904 2244 Cristurn,
937 2207 979 2234 ut
1012 2207 1120 2246 patet
1155 2200 1225 2233 Lu.
1264 2199 1297 2233 5.
1334 2197 1374 2233 Si
1408 2195 1528 2244 igitur
1544 2180 1817 2243 gfg'gffigssscgffgffid

77 2249 118 2288 ν’
150 2258 183 2279 ῙῙ
216 2259 394 2296 seculare
417 2257 629 2295 servicium
664 2257 714 2294 sit
748 2257 828 2305 regi
860 2256 1146 2300 necessarium,
1182 2256 1434 2303 compleatur
1457 2266 1528 2301 per
1545 2250 1820 2311 perfogffiessecular

159 2316 198 2350 35
215 2317 436 2353 secularem
471 2317 521 2353 ad
555 2316 652 2352 illud
684 2316 900 2363 ydoneum,
936 2323 972 2350 et
1006 2314 1213 2350 differatur
1240 2313 1418 2349 divinum
1449 2324 1528 2347 ser-
1730 2306 1735 2312 ’

214 2374 373 2411 vicium.
420 2374 460 2410 Si
499 2382 633 2411 autem
674 2382 836 2409 curatus
875 2372 994 2409 servit
1033 2371 1204 2420 regibus,
1244 2370 1389 2407 serviat
1429 2382 1527 2417 pure
1589 2388 1773 2414 lfacurate

217 2432 400 2468 clericale
434 2432 645 2468 servicium
680 2431 759 2466 sive
794 2430 1025 2471 consilium3
1072 2439 1109 2465 et
1142 2429 1328 2477 resignet,
1362 2428 1423 2463 vel
1457 2440 1527 2475 per
1543 2422 1715 2483 Ssssffiffhfflss
1731 2423 1817 2483 323⁰&

217 2491 338 2526 alium
381 2489 625 2538 preordinet,
673 2488 869 2525 curatoris
909 2487 1104 2524 officium.
1157 2489 1205 2522 Et
1244 2486 1313 2531 sic,
1360 2485 1391 2522 si
1425 2485 1526 2521 anti·
1559 2491 1801 2529 simplyclerk’s

218 2547 360 2584 cristus
407 2547 519 2595 fingit
563 2548 717 2583 nullum
764 2546 886 2583 alium
933 2545 1114 2581 sufficere
1154 2546 1203 2581 ad
1242 2544 1525 2591 occupandum
1547 2526 1812 2596 ιθῖοῆῑᾝέξνῖηξρ

158 2616 203 2646 40
217 2606 394 2642 seculare
427 2605 529 2653 regis
562 2605 753 2650 officium,
795 2604 1036 2651 degradetur
1067 2603 1128 2639 vel
1161 2602 1229 2638 fiat
1261 2602 1399 2647 laicus,
1439 2613 1526 2649 per-
1559 2594 1802 2657 affisbcgssgarffga

1608 2663 1742 2700 layman.

286 2770 316 2794 4.
337 2761 476 2795 capitalis
497 2761 583 2789 deest
600 2761 632 2788 B.
715 2769 748 2788 11.
771 2765 802 2787 ut
823 2760 857 2787 C.
941 2758 978 2787 13.
1001 2758 1110 2793 regalis
1130 2760 1168 2786 A.
1248 2766 1290 2791 14.
1311 2758 1473 2785 inferiores
1494 2757 1526 2784 B.

219 2796 254 2823 15.
270 2798 429 2830 quomodo
445 2795 478 2823 C.
552 2804 593 2830 19.
609 2799 728 2822 constat
740 2795 774 2822 C.
847 2802 892 2822 20.
909 2798 1011 2821 essent
1025 2794 1056 2821 Β.
1132 2794 1178 2821 20.
1201 2797 1228 2820 et
1248 2793 1356 2828 before
1370 2793 1527 2819 mundana

218 2830 302 2857 deest
326 2831 358 2857 B.
448 2839 492 2865 27.
520 2831 601 2865 quod
630 2838 733 2857 omnes
759 2829 848 2856 MSS.
940 2837 982 2863 27,
1003 2829 1046 2855 28.
1074 2828 1169 2855 cernit
1195 2829 1232 2855 A.
1324 2826 1366 2854 33.
1393 2835 1462 2854 cum
1487 2828 1525 2854 A.

218 2864 260 2892 35.
282 2865 439 2892 deseratur
461 2866 497 2892 A.
573 2865 618 2892 36.
641 2864 734 2891 servit
754 2872 857 2891 omnes
876 2863 966 2891 MSS.
