2067 3298
237 238 327 267 cAP.
349 238 429 267 V111.
697 241 756 272 DE
784 241 1091 272 BLASPHEMIA.
1761 247 1770 270 1
1790 247 1835 282 Ι7

234 347 405 396 impedit
437 360 478 384 se
512 356 549 384 et
581 360 693 394 suos,
728 356 765 384 et
798 346 853 384 sic
886 355 1065 383 statuens
1099 346 1293 396 implicite
1326 356 1368 384 ut
1402 361 1547 396 cogno·
1567 355 1699 389 confess,
1720 355 1767 383 for
1787 356 1837 384 the

234 415 346 444 scant
384 405 473 452 ista,
520 405 701 454 implicat
739 405 780 441 in
819 404 1190 442 contradiccionem
1238 418 1349 442 more
1395 405 1545 442 diaboli
1593 390 1809 453 Ἔξξρςῇζᾞξῖ

233 465 384 502 scolam
418 476 546 501 suam.
580 463 775 500 Similiter
798 463 942 512 prelati
966 463 1142 511 ligantur
1167 463 1356 512 precipue
1378 463 1547 501 vinculis
1561 459 1838 523 affigoxmffihiastggt

234 522 398 569 diaboli,
438 530 475 558 et
513 531 606 559 sunt
639 530 817 570 expertes
850 521 1060 570 potestatis
1099 522 1284 559 clavium.
1330 523 1546 568 Quomodo
1674 529 1732 557 sin.

200 581 328 629 Sergo
362 589 555 617 statueret
587 593 692 628 papa
731 581 874 628 legem,
920 581 1029 628 quod
1062 579 1211 616 subditi
1246 592 1267 616 a
1299 580 1446 617 talibus
1479 582 1545 617 ab·

233 638 463 676 solvantur?
508 637 654 675 Omnia
702 638 805 675 enim
852 638 948 674 talia
987 646 1137 675 statuta
1175 638 1295 675 tacite
1334 638 1545 675 includunt
1594 644 1800 707 Tclgqnfzgittlssfpl

183 694 195 712 ¹³
233 696 497 743 blasfemiam,
526 692 531 749 1
561 696 654 745 quia
679 705 820 733 auctor
843 708 981 732 eorum
1006 696 1104 733 dicit
1126 708 1166 733 se
1188 709 1306 745 posse
1328 696 1368 733 in
1387 706 1545 733 contra·
1619 714 1724 742 forced
1746 720 1776 742 10

137 696 172 728 51

232 755 415 801 dictoria,
450 767 571 803 supra
604 756 737 791 deum.
783 756 998 800 Quomodo
1032 767 1125 802 ergo
1164 755 1361 803 obligaret
1401 768 1462 791 me
1502 764 1545 791 ut
1599 749 1801 812 Xssssifgssssigtssss

232 813 425 850 confitear
464 813 634 860 prelato,
679 812 746 861 qui
787 821 844 849 est
881 814 1022 860 plenus
1061 812 1281 861 discipulus
1323 812 1544 850 anticristi?
1617 819 1773 854 disciples.

178 881 215 902 10
288 874 400 917 Item,
434 882 514 907 non
547 870 678 907 sciunt
711 879 779 907 aut
811 871 953 907 nolunt
992 870 1033 907 in
1064 871 1228 919 propria
1260 883 1432 920 persona
1464 883 1544 907 ser-
1655 876 1743 912 They

228 942 320 966 vare
341 930 468 977 legem
493 928 731 978 predictam,
767 941 857 965 cum
890 928 952 965 vix
983 942 1164 978 unquam
1197 942 1288 966 vere
1320 929 1540 978 peniteant,
1606 911 1790 975 tihfflisglgers

233 987 390 1024 dicente
424 989 587 1024 decreto
621 988 694 1023 sub
717 986 957 1023 auctoritate
981 986 1219 1023 Crisostomi
1244 989 1292 1024 de
1315 986 1544 1036 penitencia
1557 980 1833 1044 diffhreysglgfflglw

230 1045 319 1083 dist.
355 1048 387 1082 Ia
427 1045 556 1091 “Quis
589 1044 808 1093 aliquando
830 1044 929 1081 vidit
953 1045 1143 1081 clericum
1169 1045 1247 1082 cito
1271 1045 1540 1094 penitenciam
1573 1051 1639 1089 ‚allu
1666 1060 1697 1078 es
1717 1056 1748 1079 to
1766 1053 1817 1079 the

228 1104 437 1151 agentem?
482 1105 529 1140 Et
562 1102 593 1139 si
627 1104 898 1151 deprehensus
932 1103 1202 1139 humiliaverit
1234 1116 1288 1150 se,
1333 1117 1413 1140 non
1451 1103 1542 1140 ideo
1569 1085 1826 1155 &22³3ssssssth

176 1160 211 1193 15
229 1162 336 1198 dolet
369 1161 462 1210 quia
495 1160 688 1210 peccavit,
729 1162 797 1197 sed
838 1161 1097 1197 confunditur
1129 1161 1223 1209 quia
1255 1161 1429 1210 perdidit
1462 1162 1544 1210 glo·
1639 1156 1751 1193 clergy.

228 1219 327 1256 riam
362 1220 519 1256 suam.⁷'
553 1221 748 1255 Notemus
781 1232 876 1267 ergo
909 1232 1049 1255 omnes
1081 1220 1256 1267 prelatos
1288 1219 1543 1267 symoniacos
1565 1224 1636 1252 Itis
1656 1226 1691 1265 οξ
1708 1234 1747 1253 no
1768 1235 1832 1262 use,

227 1277 268 1313 in
299 1277 525 1326 penitencia
557 1277 780 1324 induratos,
827 1286 864 1314 et
897 1277 1199 1314 consideremus
1238 1290 1281 1314 ex
1322 1278 1399 1314 fide
1433 1280 1540 1327 quod
1597 1260 1797 1332 affirgfsulevteon

227 1349 308 1372 non
340 1337 518 1384 prodest,
560 1337 629 1372 sed
668 1336 781 1372 obest
820 1335 875 1372 sic
915 1335 1063 1372 talibus
1097 1335 1292 1372 confiteri.
1339 1338 1387 1372 Et
1432 1345 1541 1384 patet
1590 1332 1800 1394 Cgiffivgzsiatcoala

228 1395 336 1442 quod
368 1394 428 1431 lex
459 1393 642 1442 predicta
675 1407 765 1430 cum
806 1394 911 1430 facto
945 1393 1098 1430 autoris
1131 1393 1307 1431 reddidit
1339 1394 1540 1431 subiectos
1643 1400 1749 1436 priest.

171 1462 212 1482 20
227 1453 449 1500 perplexos.
495 1455 584 1489 Non
617 1451 721 1488 enim
758 1461 815 1488 est
856 1464 949 1489 vera
982 1452 1223 1500 penitencia,
1268 1461 1311 1489 ut
1348 1461 1458 1501 patet
1498 1465 1541 1489 ex
1561 1458 1638 1497 And,
1654 1459 1758 1486 unless
1778 1460 1828 1487 the

227 1509 342 1547 dictis
361 1519 605 1555 sanctorum,
626 1511 720 1546 dum
741 1510 936 1546 confitens
952 1510 1157 1557 recidivat,
1176 1511 1237 1547 vel
1255 1512 1305 1547 ad
1326 1510 1537 1547 minimum
1570 1498 1819 1564 pegltlinggrgeigcr

149 1568 188 1599 F·
226 1570 321 1604 dum
355 1568 549 1605 confitens
581 1581 662 1605 non
686 1568 923 1605 conteritur.
958 1569 1058 1604 Cum
1093 1581 1186 1616 ergo
1220 1570 1296 1605 hoc
1331 1569 1380 1605 sit
1413 1569 1536 1606 solius
1554 1563 1712 1625 algss'fflffl
1726 1564 1832 1632 ffffiw)

226 1626 289 1662 dei
330 1628 562 1671 concedere,
601 1626 758 1663 videtur
797 1628 905 1675 quod
941 1626 1134 1663 ordinans
1170 1627 1291 1663 talem
1327 1628 1455 1676 legem
1495 1632 1832 1664 utthisconfessioms

225 1684 394 1733 quilibet
437 1684 493 1722 sic
538 1685 790 1730 confiteatur,
836 1686 984 1721 nedum
1035 1685 1257 1731 blasfemat,
1303 1687 1371 1722 sed
1417 1686 1538 1722 extol-
1554 1672 1828 1743 nossrgigpaegapsce.

168 1741 319 1779 25litur
363 1755 483 1791 super
527 1755 646 1779 omne
691 1744 798 1791 quod
845 1743 991 1780 dicitur
1030 1745 1141 1789 deus,
1192 1742 1443 1792 negociando
1488 1745 1536 1781 de
1616 1749 1770 1778 therefore

224 1801 394 1849 populo:
441 1801 679 1837 blasfemum
726 1800 862 1849 itaque
908 1810 965 1837 est
1005 1814 1250 1850 quemquam
1290 1815 1372 1839 non
1416 1804 1534 1838 deum
1578 1783 1811 1859 blagtiffigrqus.

224 1867 400 1896 statuere
432 1868 475 1895 ut
507 1858 653 1907 aliquis
685 1871 776 1895 vere
810 1859 1064 1896 confiteatur.
1099 1862 1212 1896 Esset
1240 1872 1333 1908 ergo
1368 1862 1533 1905 bonum,
1596 1865 1735 1894 doctrine
1755 1869 1787 1894 ot

223 1918 331 1966 quod
363 1917 418 1954 sic
451 1929 685 1965 presumens
710 1918 758 1954 de
786 1917 951 1965 propria
985 1917 1194 1954 blasfemia
1228 1927 1464 1955 conteratur
1497 1927 1534 1955 et
1557 1902 1824 1964 ἓὲῃὲἒξέηἶιὲοῗὲῗί

224 1985 400 2012 curreret
432 1976 492 2012 lex
525 1975 644 2012 Cristi
677 1976 725 2012 de
759 1975 997 2024 penitencia,
1032 1975 1133 2012 sicut
1166 1975 1277 2013 olim.

167 2033 208 2066 30
281 2035 394 2080 Item,
441 2042 523 2070 tam
564 2046 607 2070 ex
653 2042 767 2082 parte
816 2033 1120 2080 insufficiencie,
1168 2047 1287 2082 quam
1336 2047 1379 2071 ex
1422 2043 1536 2083 parte
1574 2039 1640 2067 The
1661 2041 1757 2079 priest
1776 2041 1803 2069 is

223 2091 483 2129 infundabilis
515 2091 649 2128 oneris
683 2091 916 2137 sacerdotis,
962 2091 1120 2129 videtur
1153 2094 1262 2141 quod
1295 2092 1535 2129 auricularis
1595 2075 1759 2138 θχῖξζᾏῗῗὲῑ

224 2149 421 2186 confessio
460 2149 511 2186 sit
549 2158 700 2187 temere
738 2150 982 2187 introducta.
1026 2152 1128 2186 Nam
1174 2152 1363 2187 sacerdos
1407 2150 1534 2187 nescit
1581 2145 1738 2208 burdtefiiiesd
1761 2119 1799 2182 g'y

224 2207 393 2245 discrete
425 2216 564 2256 aptare
597 2207 868 2256 penitenciam
908 2209 957 2245 ad
997 2208 1203 2254 delictum,
1249 2213 1326 2246 nec
1360 2209 1536 2246 limitare
1575 2216 1800 2244 unreasonable

224 2266 507 2303 medicinalem
531 2266 802 2314 penitenciam
836 2268 887 2303 ad
921 2268 1141 2303 cavendum
1177 2267 1338 2315 culpam
1362 2267 1536 2304 hominis
1654 2250 1723 2278 law.

167 2323 263 2360 35111
295 2325 494 2361 futurum:
529 2326 598 2361 sed
630 2324 738 2361 iuxta
762 2325 1004 2362 decretalem
1028 2324 1268 2373 predictam,
1304 2326 1379 2362 hoc
1402 2325 1535 2374 requi-

222 2381 323 2418 ritur
356 2384 405 2419 ad
439 2382 730 2419 discrecionem
764 2382 1004 2429 sacerdoti53
1039 2396 1133 2431 ergo
1157 2395 1201 2419 ex
1224 2384 1382 2420 defectu
1405 2396 1535 2420 sacer-

223 2440 325 2477 dotis
365 2440 511 2488 ydonei
550 2450 607 2477 est
645 2441 705 2477 lex
737 2441 918 2489 predicta
956 2441 1223 2478 irracionalis.
1270 2443 1531 2490 Assumptum
1549 2447 1597 2474 No
1619 2456 1825 2488 penancecan

222 2497 379 2535 videtur
418 2511 461 2535 ex
498 2499 574 2535 hoc
613 2501 737 2547 quod,
783 2512 871 2535 cum
913 2499 1103 2536 delictum
1142 2499 1191 2535 sit
1237 2499 1455 2536 comissum
1494 2499 1534 2536 in
1560 2482 1817 2555 bepsdiggiscfiegttlto

224 2557 356 2602 deum,
403 2556 533 2593 omnis
572 2569 675 2605 pena
708 2570 829 2605 quam
870 2566 1061 2605 peccator
1092 2567 1227 2606 posset
1267 2557 1330 2594 hic
1369 2557 1534 2594 sufferre
1561 2552 1816 2616 oflencgozffiainst

289 2678 313 2706 5.
334 2678 426 2714 igitur
447 2679 480 2707 C.
578 2680 605 2707 6.
631 2680 664 2707 In
684 2687 809 2708 maron:
833 2680 867 2707 In
889 2680 1014 2708 nomine
1034 2680 1154 2708 domini
1174 2681 1212 2708 A.
1311 2689 1351 2708 10.
1373 2680 1481 2707 volunt
1501 2681 1534 2708 B.

222 2713 262 2740 16.
283 2712 378 2748 igitur
393 2714 426 2741 C.
484 2721 527 2741 22.
549 2715 712 2742 revertitur
725 2699 788 2742 Αῇ.
845 2715 888 2742 25.
910 2723 971 2750 quo
991 2715 1036 2749 Α;
1058 2715 1096 2742 ih.
1118 2715 1193 2742 deus
1213 2716 1300 2743 deest
1316 2716 1356 2743 A.
1412 2715 1457 2742 28.
1478 2724 1534 2742 sua

219 2755 276 2781 pro
298 2748 334 2775 de
356 2748 387 2775 Β.
469 2747 508 2775 31.
530 2749 643 2776 omnis.
665 2757 748 2776 corr.
770 2750 800 2776 in
821 2758 922 2785 marg.
945 2751 1047 2778 oneris
1069 2749 1108 2783 C;
1129 2750 1167 2777 ih.
1189 2750 1342 2778 au'lcla'rs
1362 2762 1394 2773 =
1415 2750 1534 2777 auricu-

222 2782 294 2809 laris
314 2782 383 2810 AC.
454 2782 500 2810 36.
521 2784 615 2818 igitur
635 2784 668 2812 C.
743 2784 792 2820 39.
813 2784 952 2812 sufficere
971 2783 1035 2813 AB.

296 2867 346 2898 13.
372 2867 471 2898 Decr.
500 2867 591 2898 Grat.
620 2867 668 2898 De
695 2868 904 2908 Penitencia,
932 2879 959 2899 c.
987 2867 1041 2910 87.
