2067 3298
258 235 265 258 ¹
281 223 332 268 84
955 232 1177 264 ,IOHANNIS
1205 233 1389 264 chilir
1668 231 1757 259 cAv.
1781 232 1845 259 XM.

296 346 434 374 tithesis
455 353 470 372 a
540 351 760 375 consonum
796 340 902 386 quod
936 348 1111 375 rectores
1146 341 1192 375 de
1227 339 1391 376 decimis
1425 348 1712 387 sustententur,
1747 340 1849 377 sicut

260 381 511 452 ἓξνῖξζςὲὃῗὸξᾞζ
540 397 871 432 sustentabantur
895 397 1047 433 Cristus
1073 406 1110 433 et
1133 397 1305 445 apostoli
1339 398 1387 434 de
1410 397 1577 434 decimis
1601 411 1691 435 cum
1717 399 1848 446 egenis

258 453 311 514 {¹21}
327 451 431 521 ἓξὲξ
448 450 511 512 fig}
540 454 693 501 ceteris,
726 453 820 490 licet
851 467 932 490 non
965 456 1261 491 contendebant
1295 457 1342 491 de
1371 455 1599 504 integritate
1623 465 1660 492 et
1694 456 1848 493 calculo

286 528 369 557 upon
390 520 492 548 tithes.
539 512 665 560 partis
699 520 831 560 quote.
868 512 1012 549 Utilius
1046 513 1147 548 enim
1184 513 1256 549 fuit
1289 513 1365 549 illis
1398 515 1445 549 de
1478 527 1557 550 una
1589 527 1761 562 persona
1789 516 1851 551 vel

540 569 678 618 paucis
701 569 818 606 titulo
842 570 1069 617 elemosine,
1096 571 1264 618 expertis
1288 571 1418 618 parcis
1448 571 1629 619 decimis,
1654 581 1849 621 quantum

540 637 598 664 est
640 628 910 664 necessarium
957 641 1030 676 pro
1074 628 1209 665 officio
1262 629 1580 677 ewangelisandi,
1635 630 1849 678 suscipere,

541 699 662 734 quam
686 695 885 734 quotquot
909 686 1085 723 decimas
1108 687 1326 734 imperatas
1351 688 1498 724 habere
1523 701 1613 725 cum
1644 701 1850 725 murmure

539 743 799 782 vendicantis.
852 745 966 780 Unde
1012 753 1163 781 certum
1214 754 1271 781 est
1316 747 1423 794 quod
1467 746 1610 783 fratres
1657 756 1693 783 et
1738 746 1851 795 egeni

540 802 675 838 vivunt
699 803 746 838 de
771 801 954 849 decimis;
987 804 1053 839 sed
1078 804 1251 851 populus
1275 804 1380 840 ultra
1405 803 1602 841 decimam
1629 817 1671 840 ex
1695 805 1851 841 cautela

541 859 690 897 diaboli
722 859 931 908 spoliatur.

600 920 710 963 Item,
752 918 858 954 iuxta
892 918 997 954 dicta
1030 919 1103 954 hec
1136 921 1413 966 supponenda,
1454 919 1646 968 quicquid
1684 920 1852 956 iniustus

543 984 715 1024 occupat
752 976 813 1012 vel
850 976 1049 1023 vendicat,
1088 976 1183 1012 facit
1222 976 1366 1013 iniuste
1405 980 1610 1025 peccando
1650 978 1852 1015 continue.

277 1042 497 1082 IttheRectnor
542 1036 686 1070 Rector
724 1033 856 1082 igitur,
902 1035 996 1070 dum
1043 1034 1177 1071 deficit
1211 1047 1232 1070 a
1277 1035 1470 1072 curatoris
1521 1036 1669 1083 officio,
1714 1045 1854 1084 peccat

252 1078 483 1149 du{}¹⁷lsh‡n51*}1¹5⁵
496 1110 525 1138 in
543 1091 731 1140 graviter,
755 1094 992 1140 occupando
1014 1093 1074 1129 vel
1097 1094 1271 1140 petendo
1296 1093 1471 1130 decimas
1490 1094 1758 1131 subditorum.
1792 1096 1854 1141 Et,

258 1147 517 1210 exacgffightiighesae
544 1163 634 1186 cum
668 1150 789 1198 gratis
822 1151 975 1188 solvens
1008 1150 1063 1187 sic
1096 1159 1281 1198 apostato
1316 1154 1571 1200 cooperando
1612 1152 1853 1199 consenciat,

286 1217 497 1257 parishiqners
544 1207 700 1244 videtur
742 1210 850 1256 quod
885 1208 1125 1245 decimando
1162 1209 1236 1245 sibi
1272 1218 1413 1257 peccat
1455 1210 1630 1258 graviter
1677 1224 1720 1247 ex
1763 1223 1855 1247 con—

277 1261 324 1280 sm
340 1259 500 1314 {flesgfif'mg
545 1278 675 1302 sensu.
722 1268 840 1303 Forte
879 1266 1024 1303 dicitur
1048 1268 1155 1315 quod
1190 1280 1271 1303 non
1305 1268 1435 1304 solum
1471 1269 1749 1306 elemosinarie
1787 1270 1856 1305 sed

277 1322 456 1392 lggalierilgiist
473 1329 506 1382 {³0
545 1336 642 1372 pure
686 1324 802 1361 titulo
846 1324 1000 1361 iusticie
1044 1327 1174 1361 dande
1213 1334 1303 1362 sunt
1342 1326 1508 1363 decime.
1564 1329 1641 1364 Sed
1681 1340 1761 1375 quo
1806 1328 1856 1363 ad

260 1392 362 1426 times,
384 1391 423 1427 by
443 1391 526 1417 what
545 1395 718 1430 primam
753 1391 909 1430 partem
944 1383 1118 1420 dicerem
1152 1384 1220 1420 tali
1254 1385 1413 1432 garulo:
1447 1385 1575 1433 legem
1608 1398 1724 1433 pone.
1773 1387 1855 1421 Nec

283 1425 503 1488 laWdaffgpthey
547 1440 688 1476 dubito
713 1440 809 1488 quin
841 1441 990 1477 nullam
1026 1441 1066 1477 in
1096 1441 1173 1478 fide
1196 1442 1393 1490 scripture
1426 1443 1612 1489 inveniet,
1648 1443 1722 1479 nisi
1755 1443 1857 1479 forte

265 1496 332 1524 The
352 1496 424 1531 only
443 1502 511 1521 case
544 1497 642 1534 illud
682 1500 776 1546 Reg.
812 1503 869 1545 20,
919 1501 966 1535 de
1007 1499 1140 1547 pueris
1174 1500 1278 1547 Ofny
1311 1509 1347 1537 et
1387 1502 1578 1549 Phyuees.
1628 1502 1755 1537 Porro
1777 1501 1859 1551 filii

254 1531 289 1558 of
300 1531 375 1558 such
390 1529 529 1557 exaction

264 1565 359 1593 found
380 1570 411 1592 to
432 1565 468 1591 be
489 1565 519 1592 in
542 1556 646 1600 Heli,
666 1557 750 1606 filii
777 1557 916 1603 Belial,
950 1558 1155 1594 nescientes
1178 1559 1373 1594 dominum
1397 1571 1514 1608 neque
1536 1559 1704 1609 officium
1728 1571 1856 1595 sacer-

290 1602 494 1663 Stfifftpfffrsshsss
545 1614 675 1650 dotum
708 1615 760 1650 ad
784 1616 995 1664 populum,·
1025 1617 1093 1651 sed
1120 1616 1344 1665 quicumque
1368 1618 1631 1668 ymmolasset
1664 1617 1854 1653 victimam

261 1670 474 1733 WiCkeifilelsions
494 1669 528 1697 of
546 1672 742 1708 veniebant
776 1673 890 1721 pueri
926 1674 1152 1718 sacerdotis,
1199 1675 1288 1710 dum
1328 1683 1585 1723 coquerentur
1623 1687 1780 1720 carnes;
1824 1682 1858 1710 et

426 1726 432 1732 ’
546 1730 733 1766 habebant
753 1731 1012 1778 fuscinullam
1047 1733 1250 1768 tridentem
1279 1733 1314 1768 in
1339 1746 1454 1769 manu
1477 1746 1560 1777 sua,
1594 1741 1628 1770 et
1660 1734 1858 1769 mittebant

546 1801 628 1824 eam
685 1789 720 1824 in
773 1789 943 1833 lebetem,
1000 1798 1034 1825 et
1090 1802 1200 1826 omne
1267 1792 1367 1839 quod
1423 1792 1574 1827 levabat
1624 1792 1857 1840 fuscinulla‚

547 1846 707 1882 tollebat
738 1848 922 1883 sacerdos
954 1848 1035 1883 sibi.
1079 1850 1127 1883 Et
1161 1848 1359 1896 sequitur:
1395 1850 1508 1885 “Non
1543 1850 1640 1886 enim
1672 1850 1858 1898 accipiam

547 1917 568 1939 a
601 1911 636 1941 te
668 1917 822 1940 carnem
862 1913 1022 1951 coctam,
1061 1907 1130 1942 sed
1161 1904 1362 1942 crudam.''
1405 1909 1453 1944 Et
1485 1907 1683 1956 sequitur:
1718 1908 1858 1943 “Nunc

258 1973 389 2007 Passage
409 1970 533 2006 quoted,
549 1962 645 1998 enim
691 1963 812 2009 dabis,
856 1964 1022 2012 alioquin
1067 1965 1199 2000 tollam
1247 1962 1320 2000 vi.''
1373 1966 1521 2002 Carnes
1565 1975 1657 2002 sunt
1704 1965 1857 2001 decime

276 2007 334 2034 and
355 2006 514 2041 explained
1702 2023 1708 2029 ¹

266 2042 295 2069 in
316 2042 366 2069 the
388 2049 475 2068 sense
496 2041 530 2067 of
549 2029 793 2067 curatorum,
818 2033 894 2069 que
917 2023 1135 2058 secundum
1159 2031 1314 2070 partem
1338 2032 1428 2059 sunt
1451 2036 1589 2060 carnes
1613 2025 1662 2060 ad
1685 2024 1857 2059 literam.

293 2076 494 2138 ΟΟἙξΙξὲΞΟΓΥ
549 2079 699 2115 Carnes
742 2091 835 2115 vero
880 2080 1024 2116 crudas
1070 2080 1234 2128 exigere,
1282 2090 1339 2117 est
1383 2081 1558 2118 decimas
1603 2082 1857 2118 ablacionum

439 2132 445 2138 ’
549 2136 792 2174 dominative
807 2137 1028 2185 requirere3
1053 2138 1217 2174 devocio
1234 2138 1338 2175 enim
1356 2139 1583 2185 elemosine,
1610 2152 1653 2176 ex
1668 2139 1857 2187 operibus

549 2194 738 2241 caritatis,
782 2204 825 2231 ut
862 2195 953 2243 igne
992 2196 1200 2244 supposito
1240 2199 1401 2244 cacabo,
1442 2199 1559 2234 debet
1597 2210 1680 2234 esse
1722 2197 1857 2234 coccio

277 2261 348 2288 And
371 2269 504 2293 now‚as
549 2252 812 2289 decimarum.
865 2253 1035 2290 Tridens
1089 2263 1222 2290 autem
1275 2255 1487 2292 fuscinulla
1535 2265 1591 2293 est
1640 2255 1856 2292 maledicta

298 2296 499 2364 ctffiffigstlffiffl‘}
548 2310 719 2347 tradicio
764 2311 964 2348 diabolica
1010 2324 1052 2348 ex
1091 2313 1314 2349 tradicione
1359 2314 1506 2361 papali,
1554 2326 1597 2350 ex
1635 2313 1857 2350 tradicione

263 2362 535 2426 bsifficggfflssfies
549 2380 723 2415 cesarea,
758 2378 795 2405 et
829 2382 871 2405 ex
905 2368 1195 2406 adinvencione
1219 2371 1380 2419 proprie
1414 2371 1715 2408 consuetudinis
1739 2384 1858 2419 super

341 2434 458 2469 people.
550 2425 726 2474 stipitem
759 2427 955 2475 scripture
988 2427 1084 2475 legis
1107 2429 1248 2464 veteris
1273 2438 1494 2466 recurvata.
1530 2431 1629 2466 Cum
1654 2429 1728 2466 ista
1752 2429 1856 2465 enim

550 2483 645 2521 dicit
677 2493 806 2521 tortor
839 2498 938 2533 puer
970 2485 1199 2533 presbiteri:
1246 2488 1336 2522 “Da
1370 2488 1485 2523 miclzi
1516 2500 1613 2535 pure
1646 2500 1690 2524 ex
1723 2487 1858 2523 debito

621 2616 640 2634 1.
662 2607 743 2633 enim
763 2607 827 2634 AB.
906 2616 935 2641 4.
958 2609 1073 2643 paratis
1094 2609 1138 2642 A3
1166 2613 1252 2644 parte
1273 2609 1311 2643 B;
1339 2609 1377 2636 ih.
1398 2608 1480 2644 Ultio
1502 2610 1546 2643 A;
1573 2610 1614 2637 ib.
1636 2609 1696 2637 illis
1717 2609 1799 2637 deest
1819 2610 1856 2636 A.

548 2652 572 2680 5.
588 2653 713 2680 ecclesie
728 2653 772 2683 A:
789 2644 861 2681 eisaie
873 2653 913 2688 C;
929 2655 967 2681 ib.
983 2663 1018 2690 ep
1033 2655 1104 2688 pciss
1117 2655 1158 2687 C;
1174 2656 1211 2682 ib.
1227 2647 1298 2683 esais
1309 2663 1371 2690 pro
1387 2656 1515 2683 decimis
1528 2655 1561 2684 C.
1613 2656 1640 2683 6.
1657 2655 1807 2683 suscitare
1819 2656 1857 2682 A.

549 2696 582 2715 11.
605 2689 659 2715 hec
679 2688 766 2715 deest
783 2688 821 2722 ss;
843 2689 892 2715 hic
913 2688 947 2717 C.
1022 2690 1059 2717 13.
1081 2690 1269 2718 accusatoris
1290 2698 1394 2717 omnes
1413 2690 1504 2718 MSS.
1585 2691 1620 2718 15.
1642 2690 1804 2726 apostolici
1819 2691 1856 2716 A.

549 2731 573 2757 7.
596 2723 646 2750 sed
670 2723 756 2750 twice
769 2724 807 2750 A.
881 2731 920 2750 21.
943 2724 1023 2751 Offin
1046 2730 1073 2752 et
1093 2725 1186 2752 finees
1206 2727 1249 2752 A:
1274 2726 1359 2761 Osyn
1376 2730 1403 2752 et
1423 2726 1528 2752 ftinees
1550 2725 1583 2753 C.
1657 2732 1699 2752 22.
1722 2730 1802 2759 n0q3
1818 2726 1855 2751 A.

548 2765 594 2791 24.
616 2758 755 2785 veniebat
777 2766 852 2792 puer
872 2758 931 2787 BC.
1004 2759 1045 2787 25.
1061 2759 1191 2787 habebat
1206 2760 1270 2793 BC;
1292 2761 1329 2787 ih.
1352 2760 1552 2787 fisciniculam
1567 2761 1606 2793 B;
1628 2760 1799 2787 fiscinulam
1815 2758 1856 2786 C:

548 2792 585 2818 ih.
607 2800 661 2819 sua
676 2794 762 2819 deest
774 2792 809 2820 (3.
884 2794 911 2820 6.
933 2794 1055 2821 libetem
1076 2795 1120 2827 A;
1141 2794 1179 2821 ib.
1201 2794 1410 2822 fustinuncula
1431 2794 1490 2822 BC*
1569 2803 1615 2829 27.
1643 2795 1699 2821 sibi
1720 2794 1804 2821 deest
1825 2794 1856 2820 Β.

549 2825 591 2853 33.
618 2827 813 2889 caccabosstii:
834 2829 946 2855 cacabo
974 2829 1008 2856 (j.
1093 2828 1139 2863 34.
1167 2829 1361 2856 fistinuncula
1382 2830 1420 2863 133
1442 2830 1580 2857 fiscinula
1600 2829 1635 2857 C.
1717 2828 1760 2864 37.
1782 2828 1856 2863 legis

549 2870 583 2889 ve
604 2870 636 2889 ro
652 2866 740 2890 cuata
791 2882 798 2889 .

1875 1155 1911 1187 15

1873 1455 1914 1476 20

1875 1525 1902 1547 1.
1922 1517 2007 1557 Reg.

1923 1563 1948 1593 ΙΙ

1877 1588 2008 1650 14-’26

1875 1737 1913 1768 25
