2067 3298
192 223 243 258 66

192 750 236 778 As
258 749 279 777 it
298 749 401 777 would
425 749 460 776 be

196 785 343 820 certainly
366 785 461 811 better

196 821 243 847 for
263 820 312 846 the
333 819 457 846 Church

260 854 318 881 and
341 854 391 880 the

190 889 344 916 cardinals
358 888 383 915 if
394 888 464 924 they

197 923 257 951 laid
280 923 365 950 aside
386 924 464 950 their

191 958 347 993 dignities‚
364 958 463 985 which

262 993 338 1020 have
358 1001 397 1020 no

248 1027 407 1062 Scripture

202 1066 347 1096 warram,
368 1062 453 1089 these

301 1105 351 1124 are

219 1131 436 1167 unjustifiable.

191 1795 219 1823 A
239 1795 298 1823 line
320 1798 402 1822 must
424 1795 458 1822 be

276 1830 383 1857 drawn

205 1865 397 1893 somewhere
417 1865 447 1892 in

202 1901 251 1927 the
273 1900 403 1927 number
424 1900 458 1927 of

267 1934 390 1962 Church

205 1969 366 2004 dignities;
388 1969 447 1996 and

219 2006 303 2031 there
324 2012 379 2031 can
401 2005 435 2031 be

216 2047 295 2066 none
317 2039 369 2066 but
390 2039 439 2066 the

202 2074 262 2100 line
282 2074 389 2100 drawn
413 2074 450 2109 by

222 2107 338 2143 Christ,
359 2109 430 2135 who

203 2143 351 2170 ordained
374 2152 453 2170 none

193 2177 245 2204 but
266 2178 377 2210 priests
399 2179 457 2205 and

258 2213 403 2240 deacons.

914 227 1136 260 JOHANNIS
1163 226 1347 259 WYCLIF
1641 224 1730 252 CAP.
1751 223 1789 251 V.

479 336 528 371 ad
543 335 817 371 roborandum
833 334 894 371 vel
909 334 1200 370 consulendum
1224 332 1343 369 istam
1366 331 1596 369 stulticiam.
1626 333 1791 368 Assum-

480 401 591 441 ptum
612 401 732 441 patet,
750 405 796 429 eo
813 393 920 441 quod
934 404 1015 428 non
1030 392 1164 428 subest
1180 390 1368 439 potestati
1385 399 1539 427 terrene
1557 389 1789 438 pontificem

480 451 600 488 talem
635 460 822 488 statuere.
866 451 957 486 Ideo
992 450 1094 486 foret
1126 448 1245 485 nimis
1281 461 1426 497 magna
1458 447 1680 494 blasfemia,
1717 448 1791 484 hoc

480 518 690 557 temptare.
737 511 785 545 Et
818 508 975 553 iterum,
1010 508 1111 544 foret
1144 507 1384 555 ewangelica
1416 506 1619 555 sapiencia
1652 517 1791 542 omnes

480 568 710 604 sacerdotes
756 579 840 603 esse
885 565 1015 602 socios
1060 566 1262 613 regulatos
1302 564 1520 601 inmediate
1559 577 1628 613 per
1666 577 1788 600 unum

480 626 666 661 abbatem
707 624 916 661 dominum
955 632 1137 660 nostrum
1177 625 1310 660 Jesum
1345 623 1535 660 Cristum.
1580 623 1645 659 Sic
1685 622 1789 659 enim

479 683 552 719 fuit
584 691 767 731 tempore
811 682 1100 732 apostolorum,
1148 682 1310 730 quando
1355 681 1476 718 crevit
1520 680 1705 726 ecclesia3
1756 688 1792 716 et

479 741 683 777 sentencia
714 740 787 777 ista
823 748 1018 777 consonat
1052 752 1142 776 cum
1176 739 1389 788 scriptura.
1438 741 1550 785 Item,
1586 751 1668 775 non
1700 738 1792 775 licet

480 799 541 836 vel
585 799 727 847 angelo
773 800 820 835 de
866 799 951 835 celo
988 810 1156 834 onerare
1196 797 1406 835 ecclesiam
1438 798 1499 834 vel
1537 797 1792 833 introducere

479 869 605 894 novos
638 856 737 893 ritus
771 856 1058 893 inedificabiles
1090 856 1151 893 vel
1189 855 1460 893 infundabiles
1500 855 1539 891 in
1577 854 1790 904 scriptura.

480 916 558 951 Sed
596 914 695 951 ritus
741 914 1012 952 cardinalatus
1052 923 1110 951 est
1148 914 1267 951 nimis
1312 927 1383 963 per
1421 927 1462 951 se
1501 913 1792 950 inedificativus

480 972 648 1009 ecclesie
688 981 726 1009 et
766 972 1026 1009 infundabilis
1070 971 1111 1008 in
1149 972 1371 1022 scriptura:
1420 985 1527 1020 ergo,
1574 985 1656 1008 non
1701 971 1794 1008 licet

478 1030 552 1067 ista
574 1039 760 1068 statuere.
786 1030 982 1068 Maiorem
1006 1043 1190 1079 suppono
1215 1044 1259 1068 ex
1282 1031 1373 1078 fide,
1407 1044 1495 1068 curn
1521 1030 1635 1067 aliter
1657 1030 1794 1066 liceret

478 1101 670 1136 sponsam
704 1088 823 1126 Cristi
855 1092 909 1135 (et
940 1089 996 1125 sic
1029 1089 1220 1135 Cristum)
1253 1089 1558 1138 dampnificare.
1592 1091 1640 1124 Et
1673 1087 1791 1124 istam

479 1147 691 1195 perfidiam
725 1147 896 1184 destruit
928 1148 1134 1196 apostolus
1168 1149 1218 1185 ad
1251 1148 1352 1184 Gall.
1395 1151 1447 1184 10.
1493 1146 1626 1183 Minor
1657 1155 1792 1183 autem

480 1205 706 1253 argumenti
729 1214 839 1254 patet
872 1218 916 1242 ex
948 1206 1025 1242 hoc
1049 1207 1159 1255 quod
1191 1214 1283 1242 ante
1307 1207 1383 1242 hoc
1415 1218 1564 1242 nomen
1585 1205 1647 1242 vel
1670 1204 1792 1241 ritum

480 1263 755 1301 introductum
780 1264 867 1312 plus
883 1263 1053 1312 profecit
1076 1264 1261 1311 ecclesie;
1286 1273 1323 1300 et
1346 1263 1585 1309 cardinales,
1610 1262 1794 1312 deposito

480 1321 643 1359 nomine
683 1330 720 1359 et
759 1335 881 1359 onere
929 1321 1107 1368 ecclesie,
1154 1331 1191 1359 et
1235 1322 1378 1359 ablatis
1422 1322 1525 1359 fastu
1564 1330 1600 1359 et
1637 1330 1793 1371 questu,

480 1381 568 1428 plus
600 1380 861 1429 undiquaque
893 1380 1149 1429 proficerent.
1182 1382 1315 1428 Notet,
1349 1380 1529 1428 inquam,
1565 1379 1794 1426 cardinalis,

481 1438 522 1474 in
555 1452 635 1487 quo
669 1440 890 1475 secundum
924 1439 1050 1487 legem
1076 1438 1193 1475 Cristi
1228 1440 1393 1487 prodest
1427 1438 1606 1480 ecclesie,
1641 1438 1682 1474 in
1716 1450 1794 1486 quo

481 1509 563 1532 non
586 1497 787 1533 efficacius
807 1497 1018 1545 proficeret
1041 1497 1207 1533 dimisso
1230 1498 1355 1544 lucro,
1379 1497 1543 1533 nomine
1568 1506 1603 1534 et
1628 1498 1793 1533 honore.

480 1556 562 1591 Nec
594 1555 759 1591 dubium
783 1555 881 1603 quin
913 1555 952 1591 in
984 1555 1061 1592 isto
1095 1568 1253 1592 excessu
1287 1564 1504 1604 apostotat,
1538 1555 1631 1604 quia
1656 1564 1796 1592 contra

482 1614 660 1661 regulam
686 1626 807 1662 quam
832 1613 985 1651 Cristus
1008 1613 1180 1650 instituit
1212 1616 1261 1650 ad
1296 1613 1597 1650 edificacionem
1633 1613 1796 1650 ecclesie

482 1671 708 1708 retrocedit.
739 1674 786 1708 Et
808 1680 931 1720 patet,
955 1684 1044 1709 cum
1068 1681 1308 1720 potestatem
1332 1672 1450 1708 istam
1475 1685 1596 1720 supra
1620 1672 1795 1708 Cristum

479 1730 676 1775 vendicat,
709 1732 818 1778 quod
850 1730 1074 1767 blasfemat.

538 1790 651 1834 Item,
684 1789 878 1825 terminus
909 1789 1093 1837 potencie
1126 1797 1163 1825 et
1196 1788 1317 1825 officii
1352 1788 1523 1825 ministri
1546 1787 1723 1833 ecclesie,
1747 1799 1796 1823 ne

481 1855 668 1894 evagetur
699 1848 740 1882 in
774 1847 945 1893 devium,
985 1856 1043 1883 est
1075 1847 1310 1895 signandus:
1352 1849 1420 1884 sed
1458 1848 1605 1892 nullus,
1646 1847 1677 1883 si
1715 1858 1795 1881 non

481 1903 559 1951 ille,
594 1918 713 1953 quem
740 1906 893 1942 Cristus
920 1905 1105 1942 instituit.
1141 1907 1241 1941 Cum
1268 1905 1373 1942 enim
1398 1906 1551 1942 Cristus
1584 1905 1634 1941 sit
1667 1904 1795 1940 omni-

480 1971 635 2010 potens,
659 1963 902 2000 omnisciens
926 1976 970 2000 ac
994 1976 1150 2000 summe
1175 1965 1404 2009 benevolus,
1429 1973 1538 2012 patet
1555 1964 1662 2012 quod
1686 1961 1795 1999 racio

480 2021 694 2058 necessitat
718 2034 807 2058 eum
832 2022 1158 2070 incorrigibiliter
1181 2022 1382 2069 ordinare,
1399 2031 1437 2059 et
1461 2022 1687 2071 specialiter
1703 2034 1793 2057 cum

480 2078 520 2113 in
553 2079 756 2127 primitiva
790 2080 958 2116 ecclesia
990 2080 1093 2117 foret
1127 2081 1265 2117 messis
1299 2081 1452 2129 plurios
1485 2089 1522 2117 et
1554 2079 1794 2117 laboricium

481 2137 698 2185 copiosius,
724 2138 930 2175 ordinaret
954 2140 1051 2175 deus
1075 2139 1231 2187 plurem
1258 2139 1477 2176 maneriem
1503 2139 1794 2175 ministrorum.

479 2197 592 2232 Tunc
625 2205 757 2232 autem
791 2209 874 2233 non
906 2197 1107 2235 ordinavit
1140 2197 1213 2233 nisi
1248 2197 1437 2235 diacones
1468 2206 1505 2234 et
1527 2199 1793 2246 presbyteros.

480 2255 588 2289 Idem
623 2263 757 2290 autem
787 2263 879 2291 sunt
902 2255 1123 2304 presbyteri
1157 2264 1193 2292 et
1227 2258 1454 2297 sacerdotes
1489 2256 1569 2293 sive
1603 2254 1793 2304 episcopi,

1813 871 1850 891 10

1815 1153 1849 1186 15

1827 1199 1902 1231 Gal.
1921 1199 1944 1230 Ῐ.

1811 1455 1853 1476 20

1814 1734 1853 1767 25

548 2384 573 2403 2.
596 2381 677 2412 patet
698 2378 783 2405 deest
802 2378 840 2412 133
862 2382 944 2414 patet
964 2388 999 2405 ex
1020 2388 1054 2406 eo
1076 2379 1114 2414 (23
1142 2381 1180 2408 ib.
1203 2376 1308 2415 pote-tv³
1328 2381 1366 2408 A.
1439 2378 1465 2407 3.
1487 2380 1605 2407 nimina
1620 2388 1681 2416 pro
1703 2380 1795 2407 nimis

481 2417 590 2447 magna
611 2412 643 2439 B.
743 2413 767 2440 5.
790 2421 856 2440 esse
877 2422 981 2440 sacros
1004 2416 1156 2449 regul-atos
1177 2415 1216 2449 C;
1244 2416 1281 2442 ib.
1303 2416 1429 2442 unicum
1452 2414 1486 2442 C.
1587 2423 1625 2442 12.
1646 2415 1739 2450 igitur
1759 2415 1793 2442 C.

480 2445 517 2473 13.
541 2448 791 2482 supposicionem
814 2449 858 2483 A;
879 2448 917 2475 ib.
934 2448 1001 2475 licet
1016 2449 1050 2477 C.
1107 2452 1147 2477 16.
1171 2455 1250 2486 patet
1265 2450 1401 2479 deestA.
1458 2449 1498 2477 18.
1519 2458 1588 2477 cum
1606 2458 1666 2485 pro
1687 2455 1713 2477 et
1734 2448 1793 2478 BC.
1838 2482 1842 2483 ⁷

479 2510 526 2530 20.
547 2504 629 2539 quod
647 2513 708 2540 pro
729 2505 758 2532 in
780 2514 840 2541 quo
861 2514 964 2534 omnes
983 2507 1074 2535 MSS.
1175 2515 1218 2535 22.
1245 2494 1369 2543 apostg'f
1394 2509 1432 2536 A.
1532 2515 1576 2543 27.
1603 2508 1727 2535 demum
1755 2510 1793 2535 A.

480 2568 526 2595 29.
554 2566 581 2588 et
605 2570 665 2597 pro
692 2571 726 2589 ac
752 2563 792 2599 (ξς
820 2564 858 2591 ih.
881 2550 1002 2600 best-*mom
1022 2564 1089 2593 AC.
1197 2564 1243 2593 30.
1270 2575 1339 2594 eum
1367 2567 1452 2594 deest
1476 2565 1514 2600 33
1541 2566 1579 2593 ih.
1602 2567 1741 2594 incorrter
1762 2567 1792 2594 B.

479 2617 517 2646 31.
539 2619 568 2646 in
589 2620 672 2647 deest
692 2621 724 2648 B.
839 2621 877 2650 31.
899 2623 1099 2651 laboritinum
1121 2623 1152 2651 Β.
1266 2623 1309 2652 32.
1331 2611 1410 2660 pl'e‘m
1434 2625 1471 2652 A.
1593 2624 1636 2653 33.
1658 2626 1739 2652 enim
1761 2625 1792 2652 B.

479 2652 525 2687 34.
548 2660 619 2681 sunt
639 2656 723 2683 deest
742 2657 801 2684 BC.

551 2727 604 2759 33.
638 2727 835 2762 Ordinavit.
866 2729 1001 2774 Wyclif
1028 2740 1142 2763 seems
1173 2738 1209 2763 to
1237 2742 1341 2774 argue
1367 2743 1403 2764 as
1429 2731 1562 2775 though
1589 2731 1647 2765 the
1675 2734 1793 2766 Cardi-

480 2773 591 2804 nalate
609 2784 700 2806 were
727 2785 745 2806 a
771 2777 898 2818 special
918 2777 1007 2809 form
1027 2778 1067 2809 of
1082 2778 1173 2821 Holy
1193 2779 1340 2819 Orders;
1368 2790 1413 2810 no
1441 2780 1550 2811 doubt
1575 2790 1619 2811 on
1647 2786 1794 2812 account

480 2818 520 2850 of
542 2818 630 2851 their
654 2831 775 2862 power
806 2823 846 2854 of
873 2825 1021 2866 electing
1052 2824 1110 2856 the
1136 2826 1244 2867 Pope.
1372 2827 1425 2867 34.
1456 2828 1572 2858 Jeron.
1599 2828 1652 2858 Ad
1678 2828 1792 2858 Evam

480 2865 608 2906 gelum,
636 2868 692 2898 ubi
716 2879 834 2909 supra.
