2067 3298
180 223 260 257 240
926 213 986 244 DE
1013 214 1319 245 BLASPHEMIA.
1582 210 1671 238 CAP-
1691 211 1773 239 XVI-

188 334 271 359 thei-c
292 331 383 365 being
403 338 442 357 no
466 332 680 356 numerum
715 318 840 367 partis
873 318 1074 359 ordinum,
1109 331 1189 355 non
1223 320 1270 355 ad
1306 326 1449 364 totum,
1483 317 1641 354 Videtur
1664 320 1772 366 quod

197 368 435 428 tlffgsissssffistssl„
469 391 559 415 cum
592 386 677 414 toto
711 377 941 425 dispensare
975 385 1106 424 potest
1139 376 1412 413 conformiter.
1447 378 1549 412 Nam
1581 376 1773 424 possibile

193 436 443 505 lgfqggjffqsljltffiglisse
469 436 582 481 foret,
607 448 712 483 papa
737 435 994 483 dispensante
1019 447 1108 470 cum
1132 433 1272 482 viginti
1297 436 1343 470 de
1366 447 1446 470 uno
1462 434 1616 479 ordine,
1642 443 1772 470 toturn

176 509 206 531 to
228 514 323 536 some,
346 506 382 531 aii
405 505 454 531 tim
469 493 673 529 residuum
708 502 834 529 morte
857 493 918 529 vel
948 493 1026 529 alio
1060 505 1154 529 casu
1185 492 1366 528 deficere.
1401 494 1561 536 Ymmo,
1586 492 1775 540 possibile

192 541 434 605 siitilcigisngffliffd
468 552 570 587 foret
608 551 715 599 ipsos
754 551 896 587 fratres·
939 549 1160 587 consimilis
1193 549 1390 586 libertatis
1423 549 1602 596 induere,
1649 559 1687 586 et
1719 550 1774 586 sic

222 606 408 677 ffliegffiifflfg
468 609 651 645 ordinem
674 621 823 645 novum
843 620 1085 654 excrescere3
1111 608 1198 656 plus
1224 608 1329 644 enim
1355 616 1598 653 extraneant,
1624 608 1774 644 salvato

191 679 319 705 another
340 678 440 705 habit:
467 666 630 703 nomine
670 666 850 703 eiusdem
890 666 1054 712 ordinis,
1104 679 1225 714 quam
1260 666 1438 702 facerent
1470 666 1612 702 fratres
1644 666 1776 702 taliter

180 713 451 775 thessffset¹‘1{{⁰¹¹¹d
468 724 681 772 procreati.
732 727 813 760 Nec
857 724 961 760 valet
1000 724 1131 760 dicere
1177 726 1285 772 quod
1325 736 1465 760 omnes
1507 724 1604 760 tales
1646 724 1776 760 forent

259 783 374 818 longer.
469 791 671 830 apostate3
697 782 790 830 quia
813 782 955 818 fratres
979 781 1164 830 religiose
1189 781 1491 818 communicant
1515 794 1605 817 curn
1629 781 1776 817 talibus

203 852 303 879 There
323 851 425 878 would
469 840 631 876 exemtis
665 840 705 876 in
738 839 1059 876 habitacionibus
1090 848 1127 875 et
1156 839 1195 875 in
1221 840 1378 876 mensis.
1415 841 1515 875 Cum
1541 839 1661 887 igitur
1684 851 1776 887 sepe

185 888 446 949 bienngnaspggpgszy
468 898 745 946 multipliciter
768 897 958 934 occidunt
981 898 1090 943 alios,
1117 906 1160 933 ut
1180 897 1339 948 dicitur,
1364 909 1436 946 pro
1460 897 1535 933 levi
1559 897 1776 945 apostasia,

206 956 420 1026 ciissseliiasgililon
468 956 650 1004 sequitur
689 968 731 992 ex
770 956 876 992 facto
918 957 1025 1004 quod
1058 968 1139 991 non
1174 964 1361 1003 reputant
1389 952 1393 1008 ξ
1422 956 1522 991 tales
1555 963 1774 1003 apostotas.

200 1027 302 1053 would
325 1025 426 1053 setall
470 1013 578 1050 Licet
616 1013 736 1062 igitur
778 1013 853 1049 illis
893 1026 982 1049 curn
1025 1013 1330 1061 dispensacione
1364 1025 1467 1062 pape
1499 1013 1775 1050 obedienciam

208 1060 422 1123 t'FsssfftStsffegfft·
469 1072 589 1108 talem
621 1071 835 1117 dimittere,
869 1084 941 1107 nec
964 1071 1068 1119 sapit
1092 1080 1245 1108 tantam
1269 1071 1516 1120 religionem,
1551 1072 1658 1119 quod
1681 1070 1776 1119 ipsis

178 1130 455 1193 nglSJI-Sgtifflnsto
473 1129 641 1166 mortuis
674 1142 780 1177 papa
812 1130 957 1165 habeat
990 1129 1127 1166 omnia
1159 1131 1265 1166 bona
1298 1143 1382 1176 sua,
1417 1129 1513 1178 quin
1548 1130 1677 1165 deleta
1710 1128 1777 1164 illa

221 1201 270 1227 the
289 1200 372 1235 Pope
393 1204 422 1226 at
471 1187 702 1235 symoniaca
734 1188 947 1224 venalitate
979 1188 1079 1223 ordo
1112 1188 1279 1224 fratrum
1314 1189 1443 1224 factus
1472 1187 1628 1224 noviter
1649 1195 1777 1223 servet

179 1235 365 1297 then-3531?
386 1243 412 1261 ¹³
433 1242 448 1261 ἃ
469 1254 599 1281 totum
634 1245 837 1281 residuum
873 1245 1081 1282 libertatis.
1115 1248 1204 1281 Non
1238 1245 1343 1282 enim
1378 1247 1497 1281 habet
1520 1254 1672 1281 tantam
1697 1244 1775 1281 vim

212 1305 429 1375 Uggjgffigyb,
470 1303 654 1340 condicio
687 1304 754 1339 illa
787 1303 1031 1351 symoniaca,
1073 1303 1182 1352 quin,
1223 1303 1292 1340 illa
1325 1304 1468 1349 deleta,
1507 1312 1640 1351 posset
1673 1311 1776 1339 stare

198 1375 341 1410 i-eiigious
363 1382 442 1401 men.
469 1361 629 1397 residua
660 1361 798 1409 religio
830 1363 1059 1409 depravata.

223 1433 301 1461 This
322 1432 413 1467 being
529 1419 745 1467 Supposita
778 1419 897 1467 igitur
930 1419 1196 1467 possibilitate
1228 1419 1317 1455 talis
1350 1418 1503 1455 ordinis
1539 1431 1582 1455 ex
1615 1418 1778 1466 dispen-

200 1468 439 1530 {ffiffssbffihssttfffe
471 1476 633 1513 sacione
672 1489 786 1525 pape,
834 1486 870 1513 et
904 1486 1057 1513 cassata
1092 1477 1343 1525 obligacione
1378 1478 1427 1513 ad
1461 1476 1775 1513 detestacionem

191 1538 449 1600 Issqeswmffijgellfioe
471 1535 582 1571 illam
628 1534 903 1582 symonaciam
946 1544 982 1571 et
1021 1534 1293 1571 induicionem
1335 1534 1495 1571 habitus
1538 1534 1775 1582 corporalis,

267 1606 399 1646 rim-itiye
472 1601 582 1641 patet
606 1595 712 1641 quod
736 1593 825 1629 talis
849 1593 988 1641 religio
1011 1593 1111 1629 foret
1132 1593 1364 1642 perfeccior.
1401 1593 1535 1628 Primo
1560 1592 1653 1641 quia
1676 1592 1777 1628 foret

215 1642 238 1670 C
265 1645 428 1677 risuamty,
473 1650 641 1686 similior
665 1650 847 1698 religioni
871 1651 1045 1698 simplici
1071 1651 1270 1687 cristiane.
1296 1653 1344 1686 Et
1366 1650 1446 1696 illa,
1473 1663 1516 1687 ex
1539 1663 1631 1699 sepe
1648 1650 1775 1695 dictis,

217 1731 241 1750 ρ.
264 1731 296 1750 as
317 1722 421 1758 giving
474 1716 531 1744 est
554 1709 774 1756 perfeccior
798 1721 1037 1757 quacunque
1061 1708 1252 1757 religione
1276 1709 1444 1757 privata.
1480 1712 1539 1754 20,
1571 1707 1665 1756 quia
1688 1707 1778 1744 talis

201 1766 289 1819 ¹¹¹0ssss
306 1757 445 1819 tgcefiiom
474 1766 681 1814 religiosus
704 1767 806 1803 foret
829 1768 878 1803 ad
902 1767 1188 1814 perficiendum
1216 1769 1406 1803 mandata
1422 1766 1541 1803 Cristi
1559 1775 1595 1802 et
1612 1766 1779 1802 consilia

246 1827 394 1861 member,
474 1824 648 1870 liberior,
684 1838 774 1861 cum
808 1824 848 1860 in
881 1825 1044 1873 privatis
1078 1825 1287 1861 ordinibus
1319 1826 1439 1861 habet
1470 1825 1595 1860 multa
1625 1823 1780 1871 inpedi-

475 1891 622 1927 menta,
647 1895 724 1931 que
747 1884 795 1919 ab
813 1883 1050 1919 execucione
1066 1883 1235 1919 istorum
1253 1882 1507 1930 culpabiliter
1523 1882 1778 1918 difficultant.

186 1957 244 1982 and
266 1954 290 1982 3,
313 1963 345 1981 as
370 1954 459 1989 being
474 1942 522 1976 Et
555 1941 611 1987 30,
646 1940 753 1989 quia,
799 1950 842 1976 ut
875 1949 1034 1988 oportet
1065 1941 1207 1977 fratres
1247 1940 1429 1977 confiteri
1469 1949 1511 1976 ut
1546 1940 1679 1986 fidem,
1712 1939 1780 1975 illa

194 1990 448 2060 ndisggiieseattigfnfl
476 1998 726 2046 dispensacio
762 2011 863 2046 pape
900 2008 956 2035 est
990 1998 1121 2045 licita;
1165 2000 1233 2035 sed
1270 2011 1351 2034 non
1385 1999 1487 2034 foret
1514 1998 1779 2046 dispensacio,

192 2060 250 2122 δρᾶ
270 2059 455 2121 ῧθῦθιξὸξῖῑῑψ
475 2057 543 2092 sed
567 2056 770 2104 religionis
794 2056 913 2093 Cristi
937 2057 1167 2104 dissipacio,
1200 2056 1275 2093 nisi
1298 2057 1401 2092 foret
1425 2058 1475 2092 ad
1500 2056 1653 2092 melius.
1687 2056 1779 2091 Ideo

216 2103 347 2156 orWOiucld
361 2102 444 2156 ehem,
475 2123 633 2162 oportet
665 2114 773 2162 ipsos
803 2116 1022 2151 concedere
1053 2116 1160 2163 quod
1188 2114 1327 2151 melius
1353 2123 1453 2150 esset
1477 2114 1531 2150 eis
1557 2127 1629 2162 pro
1654 2114 1781 2150 salute

209 2164 434 2226 ffiseefgfcsslggess‘ff
476 2172 608 2209 anime
647 2172 701 2209 sic
734 2172 990 2220 privilegiari,
1031 2186 1151 2221 quam
1186 2173 1226 2208 in
1259 2172 1383 2220 priori
1417 2172 1558 2209 ordine
1592 2171 1778 2208 residere.

186 2245 234 2273 To
254 2246 344 2280 bring
364 2245 457 2272 about
536 2231 622 2267 Istis
665 2230 895 2278 suppositis,
948 2232 1142 2278 probatur
1187 2231 1249 2266 via
1293 2230 1440 2278 triplici
1484 2231 1591 2278 quod
1637 2231 1782 2265 debent

186 2281 247 2307 this
262 2282 379 2315 change
398 2281 424 2306 is
446 2288 460 2306 a

188 2316 277 2350 duty:
300 2324 319 2342 ι,
342 2323 381 2341 on
402 2317 452 2341 the

230 2354 296 2411 1³ss14
316 2350 415 2410 ossii-‘Se
477 2356 591 2394 parte
631 2359 746 2395 pape.
793 2348 878 2394 Ipse
921 2346 1025 2382 enim
1068 2348 1182 2382 debet
1222 2346 1414 2394 precipue
1453 2345 1643 2381 solicitari
1678 2344 1783 2380 circa

206 2393 441 2446 chieofpfedncgion
478 2404 779 2440 edificacionem
815 2404 991 2450 ecclesie,
1027 2404 1283 2440 conformiter
1316 2404 1391 2452 legi
1416 2403 1547 2449 Cristi,
1584 2416 1673 2439 cum
1708 2404 1783 2438 hoc

200 2454 449 2523 iscffilrecdhi'fymnkide
476 2462 525 2498 sit
555 2462 725 2510 capitale
750 2462 832 2498 eius
856 2462 1049 2509 officium,
1084 2464 1134 2498 ad
1158 2464 1265 2510 quod
1289 2461 1538 2498 strictissime
1562 2461 1782 2509 obligatur,

240 2524 414 2585 {ziissicgarteigg
476 2522 542 2555 sed
572 2521 671 2556 foret
701 2522 750 2556 ad
774 2520 970 2556 maiorem
995 2520 1298 2556 edificacionem
1323 2519 1487 2556 ecclesie
1511 2521 1619 2568 quod
1643 2530 1782 2554 omnes

218 2594 320 2620 would
344 2594 378 2620 be
398 2601 433 2619 so

547 2731 580 2750 11.
602 2723 744 2758 proximo
765 2724 884 2770 dessro
910 2733 966 2760 pro
986 2724 1044 2752 levi
1065 2728 1205 2760 apostata
1224 2724 1263 2751 A.
1354 2732 1395 2757 14.
1418 2722 1454 2750 15.
1482 2723 1559 2757 ipsis
1579 2726 1720 2749 mortuus
1740 2723 1785 2753 A:

477 2768 633 2808 episcopis
654 2770 777 2798 1315.
800 2779 839 2805 qn
853 2782 883 2796 Ξ
896 2771 1030 2806 quando.
1094 2778 1135 2805 19.
1152 2771 1317 2806 depravata
1332 2770 1396 2798 AB.
1455 2768 1497 2796 23.
1514 2769 1595 2804 quod
1612 2769 1700 2796 deest
1712 2767 1784 2801 AC;

478 2804 515 2830 τὸ.
538 2804 705 2838 perfecclor
724 2821 757 2824 —
777 2805 855 2833 foret
875 2806 961 2833 deest
979 2806 1013 2834 C.
1098 2806 1138 2833 25.
1160 2806 1242 2841 quvd
1265 2806 1298 2833 C.
1383 2805 1429 2833 26.
1451 2809 1480 2831 et
1499 2803 1627 2831 consilia
1647 2803 1733 2830 deest
1750 2803 1784 2830 C.

478 2845 522 2873 29.
545 2839 626 2874 quod
648 2839 698 2866 ilia
717 2841 755 2867 A.
829 2839 874 2874 34.
896 2841 967 2876 quia
986 2842 1024 2868 A.

477 2289 605 2324 redire
639 2291 688 2324 ad
722 2289 956 2336 religionem
982 2288 1204 2336 simplicem
1232 2288 1477 2324 cristianam.
1513 2290 1560 2323 Et
1584 2287 1715 2335 primo
1740 2294 1814 2326 ex?

1798 1135 1833 1168 15

1794 1436 1836 1457 20

1796 1715 1835 1748 25

1798 2006 1839 2038 30
