<?xml version="1.0" encoding="UTF-8"?>
<!DOCTYPE html PUBLIC "-//W3C//DTD XHTML 1.0 Transitional//EN"
    "http://www.w3.org/TR/xhtml1/DTD/xhtml1-transitional.dtd">
<html xmlns="http://www.w3.org/1999/xhtml" xml:lang="en" lang="en">
 <head>
  <title>
</title>
<meta http-equiv="Content-Type" content="text/html;charset=utf-8" />
  <meta name='ocr-system' content='tesseract 3.04.00' />
  <meta name='ocr-capabilities' content='ocr_page ocr_carea ocr_par ocr_line ocrx_word'/>
</head>
<body>
  <div class='ocr_page' id='page_1' title='image "./tractatusdeblasp00wycl_0330.png"; bbox 0 0 2067 3298; ppageno 0'>
   <div class='ocr_carea' id='block_1_1' title="bbox 283 150 1884 190">
    <p class='ocr_par' dir='ltr' id='par_1_1' title="bbox 283 150 1884 190">
     <span class='ocr_line' id='line_1_1' title="bbox 283 150 1884 190; baseline -0.001 -5"><span class='ocrx_word' id='word_1_1' title='bbox 283 150 363 186; x_wconf 84' lang='lat'>286</span> <span class='ocrx_word' id='word_1_2' title='bbox 1011 158 1234 190; x_wconf 83' lang='lat' dir='ltr'>JOHANNIS</span> <span class='ocrx_word' id='word_1_3' title='bbox 1260 158 1444 189; x_wconf 77' lang='lat' dir='ltr'>WYCLIF&#39;</span> <span class='ocrx_word' id='word_1_4' title='bbox 1662 156 1749 185; x_wconf 85' lang='lat' dir='ltr'>CAP.</span> <span class='ocrx_word' id='word_1_5' title='bbox 1772 157 1884 185; x_wconf 85' lang='lat' dir='ltr'>XVIll.</span> 
     </span>
    </p>
   </div>
   <div class='ocr_carea' id='block_1_2' title="bbox 295 262 1884 311">
    <p class='ocr_par' dir='ltr' id='par_1_2' title="bbox 295 262 1884 311">
     <span class='ocr_line' id='line_1_2' title="bbox 295 262 1884 311; baseline 0.002 -13"><span class='ocrx_word' id='word_1_6' title='bbox 295 271 343 298; x_wconf 79' lang='lat' dir='ltr'>for</span> <span class='ocrx_word' id='word_1_7' title='bbox 363 271 413 297; x_wconf 81' lang='lat' dir='ltr'>the</span> <span class='ocrx_word' id='word_1_8' title='bbox 433 271 533 297; x_wconf 83' lang='lat' dir='ltr'>whole</span> <span class='ocrx_word' id='word_1_9' title='bbox 570 262 852 307; x_wconf 83' lang='lat' dir='ltr'>necessariam,</span> <span class='ocrx_word' id='word_1_10' title='bbox 900 262 1011 298; x_wconf 88' lang='lat' dir='ltr'>sicud</span> <span class='ocrx_word' id='word_1_11' title='bbox 1056 263 1186 310; x_wconf 86' lang='lat' dir='ltr'>potuit</span> <span class='ocrx_word' id='word_1_12' title='bbox 1225 276 1293 311; x_wconf 86' lang='lat' dir='ltr'>per</span> <span class='ocrx_word' id='word_1_13' title='bbox 1334 264 1481 300; x_wconf 89' lang='lat' dir='ltr'>multos</span> <span class='ocrx_word' id='word_1_14' title='bbox 1526 264 1777 301; x_wconf 85' lang='lat' dir='ltr'>centenarios</span> <span class='ocrx_word' id='word_1_15' title='bbox 1816 278 1884 301; x_wconf 86' lang='lat' dir='ltr'>an-</span> 
     </span>
    </p>
   </div>
   <div class='ocr_carea' id='block_1_3' title="bbox 295 306 1884 375">
    <p class='ocr_par' dir='ltr' id='par_1_3' title="bbox 295 306 1884 375">
     <span class='ocr_line' id='line_1_3' title="bbox 295 306 1884 375; baseline 0.002 -20"><span class='ocrx_word' id='word_1_16' title='bbox 295 306 472 375; x_wconf 45' lang='grc' dir='ltr'>Ρεέξξῇἒζζ</span> <span class='ocrx_word' id='word_1_17' title='bbox 493 313 542 366; x_wconf 48' lang='grc' dir='ltr'>ᾖξε</span> <span class='ocrx_word' id='word_1_18' title='bbox 571 333 728 366; x_wconf 87' lang='lat' dir='ltr'>norum,</span> <span class='ocrx_word' id='word_1_19' title='bbox 775 321 938 368; x_wconf 85' lang='lat' dir='ltr'>quando</span> <span class='ocrx_word' id='word_1_20' title='bbox 972 329 1080 357; x_wconf 90' lang='lat' dir='ltr'>secta</span> <span class='ocrx_word' id='word_1_21' title='bbox 1113 321 1207 357; x_wconf 85' lang='lat' dir='ltr'>cleri</span> <span class='ocrx_word' id='word_1_22' title='bbox 1241 322 1328 368; x_wconf 89' lang='lat' dir='ltr'>plus</span> <span class='ocrx_word' id='word_1_23' title='bbox 1361 322 1524 369; x_wconf 84' lang='lat' dir='ltr'>profuit.</span> <span class='ocrx_word' id='word_1_24' title='bbox 1578 323 1670 358; x_wconf 90' lang='lat' dir='ltr'>Ideo</span> <span class='ocrx_word' id='word_1_25' title='bbox 1710 323 1884 359; x_wconf 88' lang='lat' dir='ltr'>creditur</span> 
     </span>
    </p>
   </div>
   <div class='ocr_carea' id='block_1_4' title="bbox 294 374 1884 441">
    <p class='ocr_par' dir='ltr' id='par_1_4' title="bbox 294 374 1884 441">
     <span class='ocr_line' id='line_1_4' title="bbox 294 374 1884 436; baseline 0.003 -24"><span class='ocrx_word' id='word_1_26' title='bbox 294 374 542 436; x_wconf 35' lang='lat' dir='ltr'>Rgffislsfflhffliittq</span> <span class='ocrx_word' id='word_1_27' title='bbox 571 379 678 426; x_wconf 93' lang='lat' dir='ltr'>quod</span> <span class='ocrx_word' id='word_1_28' title='bbox 702 377 809 414; x_wconf 88' lang='lat' dir='ltr'>racio</span> <span class='ocrx_word' id='word_1_29' title='bbox 834 378 967 425; x_wconf 80' lang='lat' dir='ltr'>regule</span> <span class='ocrx_word' id='word_1_30' title='bbox 987 378 1104 414; x_wconf 92' lang='lat' dir='ltr'>Cristi</span> <span class='ocrx_word' id='word_1_31' title='bbox 1128 378 1201 414; x_wconf 90' lang='lat' dir='ltr'>fuit</span> <span class='ocrx_word' id='word_1_32' title='bbox 1224 378 1342 414; x_wconf 89' lang='lat' dir='ltr'>nimis</span> <span class='ocrx_word' id='word_1_33' title='bbox 1376 392 1589 416; x_wconf 82' lang='lat' dir='ltr'>onerosam</span> <span class='ocrx_word' id='word_1_34' title='bbox 1624 380 1718 416; x_wconf 89' lang='lat' dir='ltr'>cleri</span> <span class='ocrx_word' id='word_1_35' title='bbox 1750 380 1884 416; x_wconf 86' lang='lat' dir='ltr'>multi-</span> 
     </span>
     <span class='ocr_line' id='line_1_5' title="bbox 476 430 539 441; baseline 0 -6"><span class='ocrx_word' id='word_1_36' title='bbox 476 430 482 441; x_wconf 70' lang='lat'>,</span> <span class='ocrx_word' id='word_1_37' title='bbox 531 430 539 435; x_wconf 78' lang='grc'>-</span> 
     </span>
    </p>
   </div>
   <div class='ocr_carea' id='block_1_5' title="bbox 279 436 1884 542">
    <p class='ocr_par' dir='ltr' id='par_1_5' title="bbox 279 436 1884 542">
     <span class='ocr_line' id='line_1_6' title="bbox 279 436 1884 484; baseline 0.002 -14"><span class='ocrx_word' id='word_1_38' title='bbox 279 436 751 482; x_wconf 59' lang='lat' dir='ltr'>ainwasnpuoubttudinem</span> <span class='ocrx_word' id='word_1_39' title='bbox 791 436 1005 473; x_wconf 86' lang='lat' dir='ltr'>refrenare.</span> <span class='ocrx_word' id='word_1_40' title='bbox 1052 436 1091 472; x_wconf 89' lang='lat' dir='ltr'>Si</span> <span class='ocrx_word' id='word_1_41' title='bbox 1132 436 1253 484; x_wconf 80' lang='lat' dir='ltr'>igitur</span> <span class='ocrx_word' id='word_1_42' title='bbox 1291 436 1433 484; x_wconf 87' lang='lat' dir='ltr'>privati</span> <span class='ocrx_word' id='word_1_43' title='bbox 1473 437 1633 473; x_wconf 82' lang='lat' dir='ltr'>ordines</span> <span class='ocrx_word' id='word_1_44' title='bbox 1673 439 1884 474; x_wconf 86' lang='lat' dir='ltr'>observant</span> 
     </span>
     <span class='ocr_line' id='line_1_7' title="bbox 290 478 1883 542; baseline 0.001 -12"><span class='ocrx_word' id='word_1_45' title='bbox 290 478 543 540; x_wconf 44' lang='grc' dir='ltr'>ἴῆἓῑῑᾱᾏᾞὲὲζέᾯνρ</span> <span class='ocrx_word' id='word_1_46' title='bbox 570 495 716 539; x_wconf 81' lang='lat' dir='ltr'>bottas,</span> <span class='ocrx_word' id='word_1_47' title='bbox 763 493 1067 529; x_wconf 85' lang='lat' dir='ltr'>difformitatem</span> <span class='ocrx_word' id='word_1_48' title='bbox 1115 494 1154 530; x_wconf 90' lang='lat' dir='ltr'>in</span> <span class='ocrx_word' id='word_1_49' title='bbox 1200 494 1404 541; x_wconf 90' lang='lat' dir='ltr'>sculptura</span> <span class='ocrx_word' id='word_1_50' title='bbox 1444 504 1480 531; x_wconf 92' lang='lat' dir='ltr'>et</span> <span class='ocrx_word' id='word_1_51' title='bbox 1521 496 1654 531; x_wconf 90' lang='lat' dir='ltr'>colore</span> <span class='ocrx_word' id='word_1_52' title='bbox 1698 495 1883 542; x_wconf 87' lang='lat' dir='ltr'>vestium,</span> 
     </span>
    </p>
   </div>
   <div class='ocr_carea' id='block_1_6' title="bbox 280 547 1885 616">
    <p class='ocr_par' dir='ltr' id='par_1_6' title="bbox 280 547 1885 616">
     <span class='ocr_line' id='line_1_8' title="bbox 280 547 1885 616; baseline 0.002 -30"><span class='ocrx_word' id='word_1_53' title='bbox 280 547 554 616; x_wconf 48' lang='lat' dir='ltr'>lflegllifiibiigihen</span> <span class='ocrx_word' id='word_1_54' title='bbox 572 564 660 587; x_wconf 90' lang='lat' dir='ltr'>cum</span> <span class='ocrx_word' id='word_1_55' title='bbox 695 559 788 587; x_wconf 88' lang='lat' dir='ltr'>voto</span> <span class='ocrx_word' id='word_1_56' title='bbox 823 552 873 587; x_wconf 84' lang='lat' dir='ltr'>ad</span> <span class='ocrx_word' id='word_1_57' title='bbox 906 551 1143 599; x_wconf 87' lang='lat' dir='ltr'>penalitates</span> <span class='ocrx_word' id='word_1_58' title='bbox 1178 553 1421 599; x_wconf 81' lang='lat' dir='ltr'>corporales,</span> <span class='ocrx_word' id='word_1_59' title='bbox 1466 552 1560 600; x_wconf 90' lang='lat' dir='ltr'>quia</span> <span class='ocrx_word' id='word_1_60' title='bbox 1594 562 1651 589; x_wconf 88' lang='lat' dir='ltr'>est</span> <span class='ocrx_word' id='word_1_61' title='bbox 1684 553 1885 590; x_wconf 88' lang='lat' dir='ltr'>medicina</span> 
     </span>
    </p>
   </div>
   <div class='ocr_carea' id='block_1_7' title="bbox 282 609 1885 660">
    <p class='ocr_par' dir='ltr' id='par_1_7' title="bbox 282 609 1885 660">
     <span class='ocr_line' id='line_1_9' title="bbox 282 609 1885 660; baseline 0.003 -17"><span class='ocrx_word' id='word_1_62' title='bbox 282 616 454 651; x_wconf 72' lang='lat' dir='ltr'>keeptheir</span> <span class='ocrx_word' id='word_1_63' title='bbox 481 617 713 651; x_wconf 51' lang='lat' dir='ltr'>rulecontra</span> <span class='ocrx_word' id='word_1_64' title='bbox 764 609 1008 656; x_wconf 81' lang='lat' dir='ltr'>superbiam,</span> <span class='ocrx_word' id='word_1_65' title='bbox 1061 610 1195 656; x_wconf 80' lang='lat' dir='ltr'>gulam</span> <span class='ocrx_word' id='word_1_66' title='bbox 1242 618 1279 645; x_wconf 93' lang='lat' dir='ltr'>et</span> <span class='ocrx_word' id='word_1_67' title='bbox 1324 618 1455 646; x_wconf 86' lang='lat' dir='ltr'>cetera</span> <span class='ocrx_word' id='word_1_68' title='bbox 1500 619 1679 658; x_wconf 87' lang='lat' dir='ltr'>peccata,</span> <span class='ocrx_word' id='word_1_69' title='bbox 1734 620 1885 660; x_wconf 89' lang='lat' dir='ltr'>quanto</span> 
     </span>
    </p>
   </div>
   <div class='ocr_carea' id='block_1_8' title="bbox 300 651 1884 716">
    <p class='ocr_par' dir='ltr' id='par_1_8' title="bbox 300 651 1884 716">
     <span class='ocr_line' id='line_1_10' title="bbox 328 651 1842 678; baseline -0.003 0"><span class='ocrx_word' id='word_1_70' title='bbox 328 652 397 678; x_wconf 79' lang='lat' dir='ltr'>liow</span> <span class='ocrx_word' id='word_1_71' title='bbox 419 651 509 678; x_wconf 81' lang='lat' dir='ltr'>muel]</span> <span class='ocrx_word' id='word_1_72' title='bbox 668 666 674 671; x_wconf 92' lang='lat'>.</span> <span class='ocrx_word' id='word_1_73' title='bbox 779 665 785 671; x_wconf 89' lang='lat'>.</span> <span class='ocrx_word' id='word_1_74' title='bbox 831 666 837 672; x_wconf 89' lang='lat'>.</span> <span class='ocrx_word' id='word_1_75' title='bbox 1292 667 1297 673; x_wconf 95' lang='lat'>.</span> <span class='ocrx_word' id='word_1_76' title='bbox 1606 668 1612 674; x_wconf 87' lang='lat'>.</span> <span class='ocrx_word' id='word_1_77' title='bbox 1836 669 1842 674; x_wconf 89' lang='lat'>.</span> 
     </span>
     <span class='ocr_line' id='line_1_11' title="bbox 300 667 1884 716; baseline 0.001 -13"><span class='ocrx_word' id='word_1_78' title='bbox 300 687 400 712; x_wconf 67' lang='lat' dir='ltr'>rather</span> <span class='ocrx_word' id='word_1_79' title='bbox 421 685 531 712; x_wconf 68' lang='lat' dir='ltr'>should</span> <span class='ocrx_word' id='word_1_80' title='bbox 571 679 698 714; x_wconf 83' lang='lat' dir='ltr'>magis</span> <span class='ocrx_word' id='word_1_81' title='bbox 722 668 840 703; x_wconf 84' lang='lat' dir='ltr'>Cristi</span> <span class='ocrx_word' id='word_1_82' title='bbox 863 668 1012 714; x_wconf 80' lang='lat' dir='ltr'>regula,</span> <span class='ocrx_word' id='word_1_83' title='bbox 1037 679 1114 715; x_wconf 88' lang='lat' dir='ltr'>que</span> <span class='ocrx_word' id='word_1_84' title='bbox 1148 667 1349 704; x_wconf 82' lang='lat' dir='ltr'>efficacius</span> <span class='ocrx_word' id='word_1_85' title='bbox 1377 677 1434 704; x_wconf 90' lang='lat' dir='ltr'>est</span> <span class='ocrx_word' id='word_1_86' title='bbox 1458 677 1635 716; x_wconf 76' lang='lat' dir='ltr'>peccans</span> <span class='ocrx_word' id='word_1_87' title='bbox 1669 678 1884 715; x_wconf 83' lang='lat' dir='ltr'>contraria,</span> 
     </span>
    </p>
   </div>
   <div class='ocr_carea' id='block_1_9' title="bbox 281 720 1886 832">
    <p class='ocr_par' dir='ltr' id='par_1_9' title="bbox 281 720 1886 832">
     <span class='ocr_line' id='line_1_12' title="bbox 281 720 814 761; baseline 0.004 -16"><span class='ocrx_word' id='word_1_88' title='bbox 281 729 325 747; x_wconf 81' lang='lat' dir='ltr'>wc</span> <span class='ocrx_word' id='word_1_89' title='bbox 341 721 414 755; x_wconf 77' lang='lat' dir='ltr'>keep</span> <span class='ocrx_word' id='word_1_90' title='bbox 425 720 556 747; x_wconf 78' lang='lat' dir='ltr'>Christ⁷s</span> <span class='ocrx_word' id='word_1_91' title='bbox 571 725 814 761; x_wconf 65' lang='lat' dir='ltr'>servaretur!</span> 
     </span>
     <span class='ocr_line' id='line_1_13' title="bbox 296 756 1886 832; baseline 0.003 -16"><span class='ocrx_word' id='word_1_92' title='bbox 296 790 365 816; x_wconf 70' lang='lat' dir='ltr'>Itis</span> <span class='ocrx_word' id='word_1_93' title='bbox 384 756 467 816; x_wconf 49' lang='lat' dir='ltr'>1311th</span> <span class='ocrx_word' id='word_1_94' title='bbox 490 790 538 816; x_wconf 73' lang='lat' dir='ltr'>for</span> <span class='ocrx_word' id='word_1_95' title='bbox 629 785 676 818; x_wconf 86' lang='lat' dir='ltr'>Et</span> <span class='ocrx_word' id='word_1_96' title='bbox 710 782 802 818; x_wconf 89' lang='lat' dir='ltr'>hinc</span> <span class='ocrx_word' id='word_1_97' title='bbox 836 781 1013 818; x_wconf 87' lang='lat' dir='ltr'>creditur</span> <span class='ocrx_word' id='word_1_98' title='bbox 1046 783 1154 831; x_wconf 90' lang='lat' dir='ltr'>quod</span> <span class='ocrx_word' id='word_1_99' title='bbox 1193 783 1275 820; x_wconf 86' lang='lat' dir='ltr'>sive</span> <span class='ocrx_word' id='word_1_100' title='bbox 1314 782 1488 829; x_wconf 88' lang='lat' dir='ltr'>diaconi,</span> <span class='ocrx_word' id='word_1_101' title='bbox 1535 783 1615 820; x_wconf 88' lang='lat' dir='ltr'>sive</span> <span class='ocrx_word' id='word_1_102' title='bbox 1655 784 1886 832; x_wconf 86' lang='lat' dir='ltr'>quicunque</span> 
     </span>
    </p>
   </div>
   <div class='ocr_carea' id='block_1_10' title="bbox 279 825 1885 894">
    <p class='ocr_par' dir='ltr' id='par_1_10' title="bbox 279 825 1885 894">
     <span class='ocr_line' id='line_1_14' title="bbox 279 825 1885 894; baseline 0.002 -19"><span class='ocrx_word' id='word_1_103' title='bbox 279 825 556 894; x_wconf 38' lang='lat' dir='ltr'>anyqztlgiscslergy</span> <span class='ocrx_word' id='word_1_104' title='bbox 572 839 704 876; x_wconf 87' lang='lat' dir='ltr'>clerici</span> <span class='ocrx_word' id='word_1_105' title='bbox 728 849 967 888; x_wconf 86' lang='lat' dir='ltr'>pernoctant</span> <span class='ocrx_word' id='word_1_106' title='bbox 1000 853 1089 876; x_wconf 89' lang='lat' dir='ltr'>cum</span> <span class='ocrx_word' id='word_1_107' title='bbox 1119 840 1375 877; x_wconf 87' lang='lat' dir='ltr'>solicitudine</span> <span class='ocrx_word' id='word_1_108' title='bbox 1399 853 1493 877; x_wconf 90' lang='lat' dir='ltr'>cure</span> <span class='ocrx_word' id='word_1_109' title='bbox 1516 842 1817 890; x_wconf 83' lang='lat' dir='ltr'>temporalium,</span> <span class='ocrx_word' id='word_1_110' title='bbox 1842 851 1885 878; x_wconf 90' lang='lat' dir='ltr'>ut</span> 
     </span>
    </p>
   </div>
   <div class='ocr_carea' id='block_1_11' title="bbox 284 893 1887 1005">
    <p class='ocr_par' dir='ltr' id='par_1_11' title="bbox 284 893 1887 1005">
     <span class='ocr_line' id='line_1_15' title="bbox 284 893 1884 955; baseline 0.002 -22"><span class='ocrx_word' id='word_1_111' title='bbox 284 893 626 955; x_wconf 45' lang='lat' dir='ltr'>ffisspgssficssapeiz‘ssilg‘sssic</span> <span class='ocrx_word' id='word_1_112' title='bbox 665 907 848 946; x_wconf 87' lang='lat' dir='ltr'>peccant,</span> <span class='ocrx_word' id='word_1_113' title='bbox 895 898 989 946; x_wconf 89' lang='lat' dir='ltr'>quia</span> <span class='ocrx_word' id='word_1_114' title='bbox 1029 907 1169 935; x_wconf 91' lang='lat' dir='ltr'>contra</span> <span class='ocrx_word' id='word_1_115' title='bbox 1203 899 1323 935; x_wconf 91' lang='lat' dir='ltr'>Cristi</span> <span class='ocrx_word' id='word_1_116' title='bbox 1363 898 1575 936; x_wconf 89' lang='lat' dir='ltr'>consilium</span> <span class='ocrx_word' id='word_1_117' title='bbox 1616 901 1771 944; x_wconf 86' lang='lat' dir='ltr'>(Matth.</span> <span class='ocrx_word' id='word_1_118' title='bbox 1808 902 1884 946; x_wconf 79' lang='lat'>60),</span> 
     </span>
     <span class='ocr_line' id='line_1_16' title="bbox 328 956 1887 1005; baseline 0.003 -16"><span class='ocrx_word' id='word_1_119' title='bbox 328 964 375 990; x_wconf 76' lang='lat' dir='ltr'>me</span> <span class='ocrx_word' id='word_1_120' title='bbox 396 963 507 990; x_wconf 76' lang='lat' dir='ltr'>fmure.</span> <span class='ocrx_word' id='word_1_121' title='bbox 574 956 753 1003; x_wconf 81' lang='lat' dir='ltr'>obligant</span> <span class='ocrx_word' id='word_1_122' title='bbox 787 968 826 991; x_wconf 90' lang='lat' dir='ltr'>se</span> <span class='ocrx_word' id='word_1_123' title='bbox 860 957 1066 1003; x_wconf 88' lang='lat' dir='ltr'>perdendo</span> <span class='ocrx_word' id='word_1_124' title='bbox 1099 956 1324 993; x_wconf 87' lang='lat' dir='ltr'>libertatem</span> <span class='ocrx_word' id='word_1_125' title='bbox 1359 957 1576 993; x_wconf 86' lang='lat' dir='ltr'>exuicionis</span> <span class='ocrx_word' id='word_1_126' title='bbox 1609 970 1630 993; x_wconf 90' lang='lat' dir='ltr'>a</span> <span class='ocrx_word' id='word_1_127' title='bbox 1654 957 1887 1005; x_wconf 84' lang='lat' dir='ltr'>temporali-</span> 
     </span>
    </p>
   </div>
   <div class='ocr_carea' id='block_1_12' title="bbox 292 997 1885 1066">
    <p class='ocr_par' dir='ltr' id='par_1_12' title="bbox 292 997 1885 1066">
     <span class='ocr_line' id='line_1_17' title="bbox 292 997 1885 1066; baseline 0.002 -18"><span class='ocrx_word' id='word_1_128' title='bbox 292 997 420 1066; x_wconf 38' lang='lat' dir='ltr'>progffide</span> <span class='ocrx_word' id='word_1_129' title='bbox 438 999 543 1059; x_wconf 49' lang='lat' dir='ltr'>‘fglnug</span> <span class='ocrx_word' id='word_1_130' title='bbox 572 1016 643 1050; x_wconf 90' lang='lat' dir='ltr'>bus</span> <span class='ocrx_word' id='word_1_131' title='bbox 668 1015 718 1049; x_wconf 90' lang='lat' dir='ltr'>ad</span> <span class='ocrx_word' id='word_1_132' title='bbox 742 1014 988 1061; x_wconf 84' lang='lat' dir='ltr'>superfluam</span> <span class='ocrx_word' id='word_1_133' title='bbox 1023 1014 1323 1051; x_wconf 84' lang='lat' dir='ltr'>solicitudinem</span> <span class='ocrx_word' id='word_1_134' title='bbox 1348 1023 1615 1052; x_wconf 88' lang='lat' dir='ltr'>terrenorum.</span> <span class='ocrx_word' id='word_1_135' title='bbox 1651 1018 1755 1051; x_wconf 90' lang='lat' dir='ltr'>Deus</span> <span class='ocrx_word' id='word_1_136' title='bbox 1780 1015 1885 1052; x_wconf 88' lang='lat' dir='ltr'>enim</span> 
     </span>
    </p>
   </div>
   <div class='ocr_carea' id='block_1_13' title="bbox 289 1068 1886 1168">
    <p class='ocr_par' dir='ltr' id='par_1_13' title="bbox 289 1068 1886 1168">
     <span class='ocr_line' id='line_1_18' title="bbox 289 1068 1886 1129; baseline 0.002 -23"><span class='ocrx_word' id='word_1_137' title='bbox 289 1068 550 1129; x_wconf 25' lang='lat' dir='ltr'>sssfflsslfifffisstfffl‘</span> <span class='ocrx_word' id='word_1_138' title='bbox 572 1071 800 1119; x_wconf 86' lang='lat' dir='ltr'>provideret</span> <span class='ocrx_word' id='word_1_139' title='bbox 845 1072 950 1108; x_wconf 89' lang='lat' dir='ltr'>clero</span> <span class='ocrx_word' id='word_1_140' title='bbox 995 1085 1066 1108; x_wconf 92' lang='lat' dir='ltr'>suo</span> <span class='ocrx_word' id='word_1_141' title='bbox 1113 1074 1160 1108; x_wconf 91' lang='lat' dir='ltr'>de</span> <span class='ocrx_word' id='word_1_142' title='bbox 1198 1073 1502 1121; x_wconf 86' lang='lat' dir='ltr'>temporalibus,</span> <span class='ocrx_word' id='word_1_143' title='bbox 1555 1073 1659 1109; x_wconf 91' lang='lat' dir='ltr'>sicut</span> <span class='ocrx_word' id='word_1_144' title='bbox 1703 1073 1886 1121; x_wconf 86' lang='lat' dir='ltr'>providet</span> 
     </span>
     <span class='ocr_line' id='line_1_19' title="bbox 304 1120 1885 1168; baseline 0.003 -5"><span class='ocrx_word' id='word_1_145' title='bbox 304 1120 433 1164; x_wconf 73' lang='lat' dir='ltr'>midthe</span> <span class='ocrx_word' id='word_1_146' title='bbox 455 1123 539 1164; x_wconf 57' lang='lat' dir='ltr'>siisne</span> <span class='ocrx_word' id='word_1_147' title='bbox 573 1129 707 1166; x_wconf 89' lang='lat' dir='ltr'>bestiis</span> <span class='ocrx_word' id='word_1_148' title='bbox 753 1138 791 1165; x_wconf 92' lang='lat' dir='ltr'>et</span> <span class='ocrx_word' id='word_1_149' title='bbox 836 1130 989 1166; x_wconf 89' lang='lat' dir='ltr'>cunctis</span> <span class='ocrx_word' id='word_1_150' title='bbox 1032 1130 1254 1167; x_wconf 86' lang='lat' dir='ltr'>viventibus</span> <span class='ocrx_word' id='word_1_151' title='bbox 1294 1132 1341 1167; x_wconf 91' lang='lat' dir='ltr'>de</span> <span class='ocrx_word' id='word_1_152' title='bbox 1380 1139 1586 1167; x_wconf 90' lang='lat' dir='ltr'>cremento</span> <span class='ocrx_word' id='word_1_153' title='bbox 1629 1140 1784 1168; x_wconf 87' lang='lat' dir='ltr'>nature.</span> <span class='ocrx_word' id='word_1_154' title='bbox 1838 1133 1885 1167; x_wconf 88' lang='lat' dir='ltr'>Et</span> 
     </span>
    </p>
   </div>
   <div class='ocr_carea' id='block_1_14' title="bbox 299 1180 1886 1238">
    <p class='ocr_par' dir='ltr' id='par_1_14' title="bbox 299 1180 1886 1238">
     <span class='ocr_line' id='line_1_20' title="bbox 299 1180 1886 1238; baseline 0.002 -16"><span class='ocrx_word' id='word_1_155' title='bbox 299 1180 472 1234; x_wconf 53' lang='grc' dir='ltr'>Οοῃὲζῗιῖἶζῗ</span> <span class='ocrx_word' id='word_1_156' title='bbox 491 1207 539 1233; x_wconf 53' lang='lat' dir='ltr'>11oe</span> <span class='ocrx_word' id='word_1_157' title='bbox 571 1196 681 1235; x_wconf 90' lang='lat' dir='ltr'>patet</span> <span class='ocrx_word' id='word_1_158' title='bbox 715 1189 923 1235; x_wconf 88' lang='lat' dir='ltr'>quomodo</span> <span class='ocrx_word' id='word_1_159' title='bbox 956 1188 1156 1236; x_wconf 84' lang='lat' dir='ltr'>possessio</span> <span class='ocrx_word' id='word_1_160' title='bbox 1197 1189 1291 1225; x_wconf 89' lang='lat' dir='ltr'>cleri</span> <span class='ocrx_word' id='word_1_161' title='bbox 1331 1197 1473 1225; x_wconf 90' lang='lat' dir='ltr'>onerat</span> <span class='ocrx_word' id='word_1_162' title='bbox 1511 1188 1656 1237; x_wconf 84' lang='lat' dir='ltr'>ipsum,</span> <span class='ocrx_word' id='word_1_163' title='bbox 1703 1189 1797 1238; x_wconf 88' lang='lat' dir='ltr'>quia</span> <span class='ocrx_word' id='word_1_164' title='bbox 1828 1189 1886 1225; x_wconf 93' lang='lat' dir='ltr'>in-</span> 
     </span>
    </p>
   </div>
   <div class='ocr_carea' id='block_1_15' title="bbox 281 1242 1886 2455">
    <p class='ocr_par' dir='ltr' id='par_1_15' title="bbox 282 1242 1886 1816">
     <span class='ocr_line' id='line_1_21' title="bbox 310 1242 1885 1303; baseline 0.002 -23"><span class='ocrx_word' id='word_1_165' title='bbox 310 1242 451 1303; x_wconf 43' lang='grc' dir='ltr'>ξέΐῑζὲῑῐέᾗ</span> <span class='ocrx_word' id='word_1_166' title='bbox 470 1246 522 1302; x_wconf 36' lang='lat' dir='ltr'>ffb}</span> <span class='ocrx_word' id='word_1_167' title='bbox 573 1245 723 1281; x_wconf 83' lang='lat' dir='ltr'>debitat</span> <span class='ocrx_word' id='word_1_168' title='bbox 757 1254 793 1282; x_wconf 89' lang='lat' dir='ltr'>et</span> <span class='ocrx_word' id='word_1_169' title='bbox 826 1245 1049 1293; x_wconf 89' lang='lat' dir='ltr'>indisponit</span> <span class='ocrx_word' id='word_1_170' title='bbox 1082 1248 1133 1282; x_wconf 88' lang='lat' dir='ltr'>ad</span> <span class='ocrx_word' id='word_1_171' title='bbox 1166 1246 1483 1283; x_wconf 88' lang='lat' dir='ltr'>retribuendum.</span> <span class='ocrx_word' id='word_1_172' title='bbox 1518 1249 1566 1282; x_wconf 89' lang='lat' dir='ltr'>Et</span> <span class='ocrx_word' id='word_1_173' title='bbox 1600 1249 1740 1283; x_wconf 88' lang='lat' dir='ltr'>eadem</span> <span class='ocrx_word' id='word_1_174' title='bbox 1776 1247 1885 1283; x_wconf 87' lang='lat' dir='ltr'>racio</span> 
     </span>
     <span class='ocr_line' id='line_1_22' title="bbox 301 1303 1886 1353; baseline 0.003 -17"><span class='ocrx_word' id='word_1_175' title='bbox 301 1304 488 1337; x_wconf 67' lang='lat' dir='ltr'>x1e11dica“11ts</span> <span class='ocrx_word' id='word_1_176' title='bbox 509 1316 538 1337; x_wconf 83' lang='grc' dir='ltr'>ιο</span> <span class='ocrx_word' id='word_1_177' title='bbox 571 1303 753 1351; x_wconf 87' lang='lat' dir='ltr'>procedit</span> <span class='ocrx_word' id='word_1_178' title='bbox 786 1313 927 1340; x_wconf 88' lang='lat' dir='ltr'>contra</span> <span class='ocrx_word' id='word_1_179' title='bbox 960 1304 1200 1340; x_wconf 86' lang='lat' dir='ltr'>calliditates</span> <span class='ocrx_word' id='word_1_180' title='bbox 1233 1304 1509 1353; x_wconf 89' lang='lat' dir='ltr'>cuiuscunque</span> <span class='ocrx_word' id='word_1_181' title='bbox 1541 1305 1694 1341; x_wconf 86' lang='lat' dir='ltr'>ordinis</span> <span class='ocrx_word' id='word_1_182' title='bbox 1734 1305 1886 1341; x_wconf 90' lang='lat' dir='ltr'>mendi—</span> 
     </span>
     <span class='ocr_line' id='line_1_23' title="bbox 291 1350 1884 1415; baseline 0.002 -19"><span class='ocrx_word' id='word_1_183' title='bbox 291 1350 544 1415; x_wconf 44' lang='lat' dir='ltr'>Itffitfflggffl&#39;v:</span> <span class='ocrx_word' id='word_1_184' title='bbox 572 1361 713 1407; x_wconf 82' lang='lat' dir='ltr'>cantis,</span> <span class='ocrx_word' id='word_1_185' title='bbox 758 1374 846 1397; x_wconf 88' lang='lat' dir='ltr'>cum</span> <span class='ocrx_word' id='word_1_186' title='bbox 882 1362 1039 1409; x_wconf 83' lang='lat' dir='ltr'>privata</span> <span class='ocrx_word' id='word_1_187' title='bbox 1071 1362 1271 1410; x_wconf 80' lang='lat' dir='ltr'>obligacio</span> <span class='ocrx_word' id='word_1_188' title='bbox 1310 1372 1467 1399; x_wconf 86' lang='lat' dir='ltr'>tantum</span> <span class='ocrx_word' id='word_1_189' title='bbox 1500 1363 1562 1399; x_wconf 87' lang='lat' dir='ltr'>vel</span> <span class='ocrx_word' id='word_1_190' title='bbox 1593 1364 1683 1411; x_wconf 86' lang='lat' dir='ltr'>plus</span> <span class='ocrx_word' id='word_1_191' title='bbox 1721 1363 1884 1411; x_wconf 75' lang='lat' dir='ltr'>obligat,</span> 
     </span>
     <span class='ocr_line' id='line_1_24' title="bbox 288 1416 1886 1477; baseline 0.004 -26"><span class='ocrx_word' id='word_1_192' title='bbox 288 1416 758 1477; x_wconf 45' lang='lat' dir='ltr'>yfge*VC{ll?ess&gt;;]g}{21¹distrahit</span> <span class='ocrx_word' id='word_1_193' title='bbox 802 1429 839 1455; x_wconf 91' lang='lat' dir='ltr'>et</span> <span class='ocrx_word' id='word_1_194' title='bbox 885 1422 1075 1466; x_wconf 88' lang='lat' dir='ltr'>retardat,</span> <span class='ocrx_word' id='word_1_195' title='bbox 1122 1421 1234 1456; x_wconf 87' lang='lat' dir='ltr'>sicud</span> <span class='ocrx_word' id='word_1_196' title='bbox 1279 1421 1344 1457; x_wconf 86' lang='lat' dir='ltr'>illa</span> <span class='ocrx_word' id='word_1_197' title='bbox 1390 1433 1467 1469; x_wconf 89' lang='lat' dir='ltr'>que</span> <span class='ocrx_word' id='word_1_198' title='bbox 1500 1420 1655 1457; x_wconf 89' lang='lat' dir='ltr'>Cristus</span> <span class='ocrx_word' id='word_1_199' title='bbox 1698 1421 1886 1469; x_wconf 88' lang='lat' dir='ltr'>prohibet</span> 
     </span>
     <span class='ocr_line' id='line_1_25' title="bbox 307 1478 1884 1527; baseline 0.002 -15"><span class='ocrx_word' id='word_1_200' title='bbox 307 1485 365 1512; x_wconf 82' lang='lat' dir='ltr'>and</span> <span class='ocrx_word' id='word_1_201' title='bbox 388 1486 470 1511; x_wconf 71' lang='lat' dir='ltr'>leave</span> <span class='ocrx_word' id='word_1_202' title='bbox 492 1485 539 1511; x_wconf 72' lang='lat' dir='ltr'>the</span> <span class='ocrx_word' id='word_1_203' title='bbox 572 1478 831 1513; x_wconf 89' lang='lat' dir='ltr'>consulendo.</span> <span class='ocrx_word' id='word_1_204' title='bbox 886 1479 933 1514; x_wconf 84' lang='lat' dir='ltr'>Et</span> <span class='ocrx_word' id='word_1_205' title='bbox 965 1486 1075 1525; x_wconf 88' lang='lat' dir='ltr'>patet</span> <span class='ocrx_word' id='word_1_206' title='bbox 1108 1480 1215 1526; x_wconf 83' lang='lat' dir='ltr'>quod</span> <span class='ocrx_word' id='word_1_207' title='bbox 1249 1488 1396 1526; x_wconf 87' lang='lat' dir='ltr'>quante</span> <span class='ocrx_word' id='word_1_208' title='bbox 1429 1480 1478 1515; x_wconf 92' lang='lat' dir='ltr'>ab</span> <span class='ocrx_word' id='word_1_209' title='bbox 1514 1479 1731 1527; x_wconf 82' lang='lat' dir='ltr'>ewangelio</span> <span class='ocrx_word' id='word_1_210' title='bbox 1765 1479 1884 1516; x_wconf 90' lang='lat' dir='ltr'>Cristi</span> 
     </span>
     <span class='ocr_line' id='line_1_26' title="bbox 287 1520 1885 1586; baseline 0.003 -17"><span class='ocrx_word' id='word_1_211' title='bbox 287 1520 545 1586; x_wconf 45' lang='grc' dir='ltr'>Ῐὲῗῇεῃζζζᾞζζθῇο</span> <span class='ocrx_word' id='word_1_212' title='bbox 572 1535 804 1581; x_wconf 85' lang='lat' dir='ltr'>excidimus,</span> <span class='ocrx_word' id='word_1_213' title='bbox 849 1536 910 1571; x_wconf 89' lang='lat' dir='ltr'>vel</span> <span class='ocrx_word' id='word_1_214' title='bbox 942 1537 1127 1572; x_wconf 84' lang='lat' dir='ltr'>addendo</span> <span class='ocrx_word' id='word_1_215' title='bbox 1160 1537 1220 1573; x_wconf 85' lang='lat' dir='ltr'>vel</span> <span class='ocrx_word' id='word_1_216' title='bbox 1253 1537 1530 1584; x_wconf 86' lang='lat' dir='ltr'>diminuendo,</span> <span class='ocrx_word' id='word_1_217' title='bbox 1575 1546 1686 1573; x_wconf 88' lang='lat' dir='ltr'>tante</span> <span class='ocrx_word' id='word_1_218' title='bbox 1725 1546 1885 1585; x_wconf 87' lang='lat' dir='ltr'>aposto-</span> 
     </span>
     <span class='ocr_line' id='line_1_27' title="bbox 282 1590 1884 1657; baseline 0.002 -29"><span class='ocrx_word' id='word_1_219' title='bbox 282 1590 694 1657; x_wconf 43' lang='lat' dir='ltr'>affeciiiiiigssrovetando</span> <span class='ocrx_word' id='word_1_220' title='bbox 738 1605 971 1641; x_wconf 78' lang='lat' dir='ltr'>peccamus3</span> <span class='ocrx_word' id='word_1_221' title='bbox 1018 1594 1189 1630; x_wconf 89' lang='lat' dir='ltr'>dicimus</span> <span class='ocrx_word' id='word_1_222' title='bbox 1228 1604 1366 1631; x_wconf 87' lang='lat' dir='ltr'>tamen</span> <span class='ocrx_word' id='word_1_223' title='bbox 1405 1596 1513 1643; x_wconf 91' lang='lat' dir='ltr'>quod</span> <span class='ocrx_word' id='word_1_224' title='bbox 1558 1595 1642 1631; x_wconf 90' lang='lat' dir='ltr'>sine</span> <span class='ocrx_word' id='word_1_225' title='bbox 1685 1604 1884 1631; x_wconf 88' lang='lat' dir='ltr'>nocturna</span> 
     </span>
     <span class='ocr_line' id='line_1_28' title="bbox 287 1651 1885 1701; baseline 0.003 -17"><span class='ocrx_word' id='word_1_226' title='bbox 287 1663 337 1685; x_wconf 71' lang='lat'>100</span> <span class='ocrx_word' id='word_1_227' title='bbox 357 1659 423 1696; x_wconf 59' lang='lat' dir='ltr'>&gt;vell</span> <span class='ocrx_word' id='word_1_228' title='bbox 445 1659 510 1696; x_wconf 62' lang='lat' dir='ltr'>that</span> <span class='ocrx_word' id='word_1_229' title='bbox 530 1658 551 1685; x_wconf 79' lang='lat' dir='ltr'>it</span> <span class='ocrx_word' id='word_1_230' title='bbox 571 1651 826 1687; x_wconf 89' lang='lat' dir='ltr'>solicitudine</span> <span class='ocrx_word' id='word_1_231' title='bbox 873 1653 934 1687; x_wconf 85' lang='lat' dir='ltr'>vel</span> <span class='ocrx_word' id='word_1_232' title='bbox 986 1652 1236 1699; x_wconf 78' lang='lat' dir='ltr'>cogitacione</span> <span class='ocrx_word' id='word_1_233' title='bbox 1288 1653 1436 1689; x_wconf 88' lang='lat' dir='ltr'>scimus</span> <span class='ocrx_word' id='word_1_234' title='bbox 1489 1654 1634 1689; x_wconf 89' lang='lat' dir='ltr'>habere</span> <span class='ocrx_word' id='word_1_235' title='bbox 1686 1653 1885 1701; x_wconf 89' lang='lat' dir='ltr'>quotlibet</span> 
     </span>
     <span class='ocr_line' id='line_1_29' title="bbox 356 1694 1884 1757; baseline 0.001 -13"><span class='ocrx_word' id='word_1_236' title='bbox 356 1694 484 1720; x_wconf 52' lang='lat'>¹⁵³¹¹⁹²</span> <span class='ocrx_word' id='word_1_237' title='bbox 571 1709 826 1756; x_wconf 83' lang='lat' dir='ltr'>temporalia,</span> <span class='ocrx_word' id='word_1_238' title='bbox 880 1710 991 1745; x_wconf 88' lang='lat' dir='ltr'>sicud</span> <span class='ocrx_word' id='word_1_239' title='bbox 1039 1712 1145 1746; x_wconf 85' lang='lat' dir='ltr'>bona</span> <span class='ocrx_word' id='word_1_240' title='bbox 1191 1719 1334 1747; x_wconf 85' lang='lat' dir='ltr'>nature</span> <span class='ocrx_word' id='word_1_241' title='bbox 1377 1710 1417 1747; x_wconf 90' lang='lat' dir='ltr'>in</span> <span class='ocrx_word' id='word_1_242' title='bbox 1461 1723 1582 1747; x_wconf 89' lang='lat' dir='ltr'>manu</span> <span class='ocrx_word' id='word_1_243' title='bbox 1631 1711 1798 1757; x_wconf 83' lang='lat' dir='ltr'>domini,</span> <span class='ocrx_word' id='word_1_244' title='bbox 1848 1720 1884 1747; x_wconf 89' lang='lat' dir='ltr'>et</span> 
     </span>
     <span class='ocr_line' id='line_1_30' title="bbox 570 1767 1883 1816; baseline 0.002 -14"><span class='ocrx_word' id='word_1_245' title='bbox 570 1767 751 1803; x_wconf 88' lang='lat' dir='ltr'>veniente</span> <span class='ocrx_word' id='word_1_246' title='bbox 772 1768 947 1803; x_wconf 87' lang='lat' dir='ltr'>crastino</span> <span class='ocrx_word' id='word_1_247' title='bbox 971 1769 1020 1803; x_wconf 81' lang='lat' dir='ltr'>ad</span> <span class='ocrx_word' id='word_1_248' title='bbox 1045 1770 1299 1805; x_wconf 88' lang='lat' dir='ltr'>moderatum</span> <span class='ocrx_word' id='word_1_249' title='bbox 1323 1768 1590 1805; x_wconf 87' lang='lat' dir='ltr'>ministerium</span> <span class='ocrx_word' id='word_1_250' title='bbox 1614 1769 1883 1816; x_wconf 84' lang='lat' dir='ltr'>expergefieri,</span> 
     </span>
    </p>

    <p class='ocr_par' dir='ltr' id='par_1_16' title="bbox 570 1825 1884 1932">
     <span class='ocr_line' id='line_1_31' title="bbox 570 1825 1884 1875; baseline 0.002 -15"><span class='ocrx_word' id='word_1_251' title='bbox 570 1838 642 1873; x_wconf 91' lang='lat' dir='ltr'>pro</span> <span class='ocrx_word' id='word_1_252' title='bbox 666 1825 841 1861; x_wconf 87' lang='lat' dir='ltr'>crastino</span> <span class='ocrx_word' id='word_1_253' title='bbox 873 1825 1079 1862; x_wconf 90' lang='lat' dir='ltr'>solicitari.</span> <span class='ocrx_word' id='word_1_254' title='bbox 1114 1828 1191 1863; x_wconf 86' lang='lat' dir='ltr'>Sed</span> <span class='ocrx_word' id='word_1_255' title='bbox 1214 1826 1292 1863; x_wconf 81' lang='lat' dir='ltr'>alia</span> <span class='ocrx_word' id='word_1_256' title='bbox 1314 1839 1436 1875; x_wconf 88' lang='lat' dir='ltr'>opera</span> <span class='ocrx_word' id='word_1_257' title='bbox 1469 1836 1609 1863; x_wconf 85' lang='lat' dir='ltr'>nostra</span> <span class='ocrx_word' id='word_1_258' title='bbox 1641 1827 1884 1863; x_wconf 89' lang='lat' dir='ltr'>convincunt</span> 
     </span>
     <span class='ocr_line' id='line_1_32' title="bbox 573 1883 1882 1932; baseline 0.002 -14"><span class='ocrx_word' id='word_1_259' title='bbox 573 1883 843 1930; x_wconf 84' lang='lat' dir='ltr'>mendacium,</span> <span class='ocrx_word' id='word_1_260' title='bbox 890 1896 980 1920; x_wconf 89' lang='lat' dir='ltr'>cum</span> <span class='ocrx_word' id='word_1_261' title='bbox 1026 1884 1223 1932; x_wconf 80' lang='lat' dir='ltr'>cogitacio</span> <span class='ocrx_word' id='word_1_262' title='bbox 1270 1893 1307 1921; x_wconf 91' lang='lat' dir='ltr'>et</span> <span class='ocrx_word' id='word_1_263' title='bbox 1351 1884 1515 1921; x_wconf 86' lang='lat' dir='ltr'>affeccio</span> <span class='ocrx_word' id='word_1_264' title='bbox 1558 1886 1608 1921; x_wconf 87' lang='lat' dir='ltr'>ad</span> <span class='ocrx_word' id='word_1_265' title='bbox 1653 1886 1882 1921; x_wconf 88' lang='lat' dir='ltr'>habendum</span> 
     </span>
    </p>

    <p class='ocr_par' dir='ltr' id='par_1_17' title="bbox 571 1941 1884 1990">
     <span class='ocr_line' id='line_1_33' title="bbox 571 1941 1884 1990; baseline 0.002 -14"><span class='ocrx_word' id='word_1_266' title='bbox 571 1941 771 1989; x_wconf 86' lang='lat' dir='ltr'>superflue</span> <span class='ocrx_word' id='word_1_267' title='bbox 804 1941 880 1977; x_wconf 86' lang='lat' dir='ltr'>ista</span> <span class='ocrx_word' id='word_1_268' title='bbox 914 1943 1018 1978; x_wconf 86' lang='lat' dir='ltr'>bona</span> <span class='ocrx_word' id='word_1_269' title='bbox 1050 1943 1110 1979; x_wconf 89' lang='lat' dir='ltr'>vel</span> <span class='ocrx_word' id='word_1_270' title='bbox 1141 1943 1182 1978; x_wconf 91' lang='lat' dir='ltr'>in</span> <span class='ocrx_word' id='word_1_271' title='bbox 1214 1952 1306 1979; x_wconf 86' lang='lat' dir='ltr'>actu</span> <span class='ocrx_word' id='word_1_272' title='bbox 1337 1944 1398 1979; x_wconf 88' lang='lat' dir='ltr'>vel</span> <span class='ocrx_word' id='word_1_273' title='bbox 1431 1943 1470 1979; x_wconf 94' lang='lat' dir='ltr'>in</span> <span class='ocrx_word' id='word_1_274' title='bbox 1503 1943 1641 1979; x_wconf 86' lang='lat' dir='ltr'>habitu</span> <span class='ocrx_word' id='word_1_275' title='bbox 1673 1952 1884 1990; x_wconf 87' lang='lat' dir='ltr'>patescunt</span> 
     </span>
    </p>

    <p class='ocr_par' dir='ltr' id='par_1_18' title="bbox 281 1999 1883 2397">
     <span class='ocr_line' id='line_1_34' title="bbox 281 1999 1883 2048; baseline 0.003 -16"><span class='ocrx_word' id='word_1_276' title='bbox 281 2004 364 2032; x_wconf 76' lang='lat' dir='ltr'>Who</span> <span class='ocrx_word' id='word_1_277' title='bbox 380 2006 481 2033; x_wconf 76' lang='lat' dir='ltr'>would</span> <span class='ocrx_word' id='word_1_278' title='bbox 504 2011 556 2032; x_wconf 78' lang='lat' dir='ltr'>not</span> <span class='ocrx_word' id='word_1_279' title='bbox 572 2012 614 2035; x_wconf 78' lang='lat' dir='ltr'>ex</span> <span class='ocrx_word' id='word_1_280' title='bbox 637 1999 717 2035; x_wconf 85' lang='lat' dir='ltr'>vita</span> <span class='ocrx_word' id='word_1_281' title='bbox 741 2008 892 2036; x_wconf 82' lang='lat' dir='ltr'>nostra.</span> <span class='ocrx_word' id='word_1_282' title='bbox 928 2000 1039 2046; x_wconf 77' lang='lat' dir='ltr'>QuiS,</span> <span class='ocrx_word' id='word_1_283' title='bbox 1074 2000 1254 2048; x_wconf 86' lang='lat' dir='ltr'>inquam,</span> <span class='ocrx_word' id='word_1_284' title='bbox 1288 2014 1369 2037; x_wconf 90' lang='lat' dir='ltr'>non</span> <span class='ocrx_word' id='word_1_285' title='bbox 1393 2001 1620 2037; x_wconf 86' lang='lat' dir='ltr'>tristaretur</span> <span class='ocrx_word' id='word_1_286' title='bbox 1643 2000 1684 2036; x_wconf 92' lang='lat' dir='ltr'>in</span> <span class='ocrx_word' id='word_1_287' title='bbox 1707 2001 1883 2037; x_wconf 88' lang='lat' dir='ltr'>crastino</span> 
     </span>
     <span class='ocr_line' id='line_1_35' title="bbox 309 2040 1883 2104; baseline 0.001 -12"><span class='ocrx_word' id='word_1_288' title='bbox 309 2041 343 2067; x_wconf 76' lang='lat' dir='ltr'>be</span> <span class='ocrx_word' id='word_1_289' title='bbox 364 2040 533 2102; x_wconf 38' lang='lat' dir='ltr'>dffxlxfflgcast,</span> <span class='ocrx_word' id='word_1_290' title='bbox 572 2059 619 2093; x_wconf 88' lang='lat' dir='ltr'>de</span> <span class='ocrx_word' id='word_1_291' title='bbox 653 2057 821 2093; x_wconf 85' lang='lat' dir='ltr'>istorum</span> <span class='ocrx_word' id='word_1_292' title='bbox 858 2059 1055 2094; x_wconf 84' lang='lat' dir='ltr'>bonorum</span> <span class='ocrx_word' id='word_1_293' title='bbox 1090 2059 1310 2104; x_wconf 85' lang='lat' dir='ltr'>ablacione,</span> <span class='ocrx_word' id='word_1_294' title='bbox 1346 2061 1393 2095; x_wconf 88' lang='lat' dir='ltr'>de</span> <span class='ocrx_word' id='word_1_295' title='bbox 1426 2071 1520 2095; x_wconf 92' lang='lat' dir='ltr'>usus</span> <span class='ocrx_word' id='word_1_296' title='bbox 1554 2071 1691 2095; x_wconf 87' lang='lat' dir='ltr'>eorum</span> <span class='ocrx_word' id='word_1_297' title='bbox 1725 2068 1883 2095; x_wconf 86' lang='lat' dir='ltr'>contra-</span> 
     </span>
     <span class='ocr_line' id='line_1_36' title="bbox 315 2110 1882 2179; baseline 0.002 -29"><span class='ocrx_word' id='word_1_298' title='bbox 315 2110 522 2179; x_wconf 36' lang='lat' dir='ltr'>xff‘gffg&#39;ssislssifflss</span> <span class='ocrx_word' id='word_1_299' title='bbox 572 2115 767 2161; x_wconf 86' lang='lat' dir='ltr'>diceione,</span> <span class='ocrx_word' id='word_1_300' title='bbox 814 2128 906 2163; x_wconf 89' lang='lat' dir='ltr'>ymo</span> <span class='ocrx_word' id='word_1_301' title='bbox 947 2118 994 2152; x_wconf 89' lang='lat' dir='ltr'>de</span> <span class='ocrx_word' id='word_1_302' title='bbox 1034 2116 1295 2164; x_wconf 87' lang='lat' dir='ltr'>possessionis</span> <span class='ocrx_word' id='word_1_303' title='bbox 1329 2116 1593 2165; x_wconf 85' lang='lat' dir='ltr'>proprietarie</span> <span class='ocrx_word' id='word_1_304' title='bbox 1637 2117 1882 2165; x_wconf 76' lang='lat' dir='ltr'>negacione?</span> 
     </span>
     <span class='ocr_line' id='line_1_37' title="bbox 293 2173 1882 2223; baseline 0.004 -19"><span class='ocrx_word' id='word_1_305' title='bbox 293 2187 358 2214; x_wconf 71' lang='lat' dir='ltr'>way</span> <span class='ocrx_word' id='word_1_306' title='bbox 379 2177 539 2218; x_wconf 67' lang='lat' dir='ltr'>mterfer&#39;ed</span> <span class='ocrx_word' id='word_1_307' title='bbox 572 2173 637 2209; x_wconf 88' lang='lat' dir='ltr'>Sic</span> <span class='ocrx_word' id='word_1_308' title='bbox 670 2173 775 2209; x_wconf 89' lang='lat' dir='ltr'>enim</span> <span class='ocrx_word' id='word_1_309' title='bbox 800 2182 964 2221; x_wconf 86' lang='lat' dir='ltr'>possent</span> <span class='ocrx_word' id='word_1_310' title='bbox 996 2174 1133 2210; x_wconf 88' lang='lat' dir='ltr'>omnia</span> <span class='ocrx_word' id='word_1_311' title='bbox 1167 2174 1272 2211; x_wconf 83' lang='lat' dir='ltr'>dicta</span> <span class='ocrx_word' id='word_1_312' title='bbox 1304 2174 1343 2210; x_wconf 88' lang='lat' dir='ltr'>in</span> <span class='ocrx_word' id='word_1_313' title='bbox 1377 2174 1540 2223; x_wconf 84' lang='lat' dir='ltr'>privatis</span> <span class='ocrx_word' id='word_1_314' title='bbox 1572 2175 1779 2211; x_wconf 88' lang='lat' dir='ltr'>ordinibus</span> <span class='ocrx_word' id='word_1_315' title='bbox 1802 2176 1882 2211; x_wconf 86' lang='lat' dir='ltr'>sive</span> 
     </span>
     <span class='ocr_line' id='line_1_38' title="bbox 377 2215 1882 2281; baseline 0.002 -16"><span class='ocrx_word' id='word_1_316' title='bbox 377 2215 469 2241; x_wconf 50' lang='lat' dir='ltr'>mm?</span> <span class='ocrx_word' id='word_1_317' title='bbox 572 2231 781 2278; x_wconf 83' lang='lat' dir='ltr'>papalibus</span> <span class='ocrx_word' id='word_1_318' title='bbox 821 2232 1037 2278; x_wconf 83' lang='lat' dir='ltr'>observari,</span> <span class='ocrx_word' id='word_1_319' title='bbox 1084 2233 1254 2269; x_wconf 89' lang='lat' dir='ltr'>dicendo</span> <span class='ocrx_word' id='word_1_320' title='bbox 1293 2235 1400 2281; x_wconf 90' lang='lat' dir='ltr'>quod</span> <span class='ocrx_word' id='word_1_321' title='bbox 1440 2232 1591 2269; x_wconf 88' lang='lat' dir='ltr'>faciunt</span> <span class='ocrx_word' id='word_1_322' title='bbox 1629 2232 1726 2268; x_wconf 90' lang='lat' dir='ltr'>illud</span> <span class='ocrx_word' id='word_1_323' title='bbox 1766 2232 1882 2269; x_wconf 89' lang='lat' dir='ltr'>mini-</span> 
     </span>
     <span class='ocr_line' id='line_1_39' title="bbox 571 2289 1881 2338; baseline 0.002 -14"><span class='ocrx_word' id='word_1_324' title='bbox 571 2289 736 2325; x_wconf 88' lang='lat' dir='ltr'>sterium</span> <span class='ocrx_word' id='word_1_325' title='bbox 782 2291 857 2325; x_wconf 89' lang='lat' dir='ltr'>deo</span> <span class='ocrx_word' id='word_1_326' title='bbox 902 2291 1012 2338; x_wconf 87' lang='lat' dir='ltr'>quod</span> <span class='ocrx_word' id='word_1_327' title='bbox 1054 2290 1224 2327; x_wconf 89' lang='lat' dir='ltr'>tradicio</span> <span class='ocrx_word' id='word_1_328' title='bbox 1271 2292 1446 2327; x_wconf 83' lang='lat' dir='ltr'>humana</span> <span class='ocrx_word' id='word_1_329' title='bbox 1496 2290 1658 2336; x_wconf 81' lang='lat' dir='ltr'>limitat⁷</span> <span class='ocrx_word' id='word_1_330' title='bbox 1703 2292 1763 2327; x_wconf 90' lang='lat' dir='ltr'>vel</span> <span class='ocrx_word' id='word_1_331' title='bbox 1807 2291 1881 2327; x_wconf 89' lang='lat' dir='ltr'>sibi</span> 
     </span>
     <span class='ocr_line' id='line_1_40' title="bbox 572 2347 1882 2397; baseline 0.002 -15"><span class='ocrx_word' id='word_1_332' title='bbox 572 2347 814 2395; x_wconf 84' lang='lat' dir='ltr'>equivalens.</span> <span class='ocrx_word' id='word_1_333' title='bbox 869 2348 945 2383; x_wconf 83' lang='lat' dir='ltr'>Sed</span> <span class='ocrx_word' id='word_1_334' title='bbox 985 2357 1138 2384; x_wconf 86' lang='lat' dir='ltr'>certum</span> <span class='ocrx_word' id='word_1_335' title='bbox 1179 2357 1236 2384; x_wconf 92' lang='lat' dir='ltr'>est</span> <span class='ocrx_word' id='word_1_336' title='bbox 1280 2350 1387 2397; x_wconf 90' lang='lat' dir='ltr'>quod</span> <span class='ocrx_word' id='word_1_337' title='bbox 1433 2348 1540 2384; x_wconf 82' lang='lat' dir='ltr'>iuxta</span> <span class='ocrx_word' id='word_1_338' title='bbox 1587 2350 1661 2384; x_wconf 87' lang='lat' dir='ltr'>hoc</span> <span class='ocrx_word' id='word_1_339' title='bbox 1707 2349 1882 2397; x_wconf 90' lang='lat' dir='ltr'>quelibet</span> 
     </span>
    </p>

    <p class='ocr_par' dir='ltr' id='par_1_19' title="bbox 572 2405 1882 2455">
     <span class='ocr_line' id='line_1_41' title="bbox 572 2405 1882 2455; baseline 0.002 -15"><span class='ocrx_word' id='word_1_340' title='bbox 572 2405 727 2452; x_wconf 82' lang='lat' dir='ltr'>privata</span> <span class='ocrx_word' id='word_1_341' title='bbox 760 2405 1023 2442; x_wconf 86' lang='lat' dir='ltr'>observancia</span> <span class='ocrx_word' id='word_1_342' title='bbox 1056 2419 1136 2454; x_wconf 88' lang='lat' dir='ltr'>quo</span> <span class='ocrx_word' id='word_1_343' title='bbox 1169 2408 1219 2442; x_wconf 87' lang='lat' dir='ltr'>ad</span> <span class='ocrx_word' id='word_1_344' title='bbox 1254 2406 1552 2454; x_wconf 81' lang='lat' dir='ltr'>regularitatem</span> <span class='ocrx_word' id='word_1_345' title='bbox 1592 2406 1882 2455; x_wconf 89' lang='lat' dir='ltr'>consequencie</span> 
     </span>
    </p>
   </div>
   <div class='ocr_carea' id='block_1_16' title="bbox 572 2463 1879 2512">
    <p class='ocr_par' dir='ltr' id='par_1_20' title="bbox 572 2463 1879 2512">
     <span class='ocr_line' id='line_1_42' title="bbox 572 2463 1879 2512; baseline 0.002 -14"><span class='ocrx_word' id='word_1_346' title='bbox 572 2463 773 2510; x_wconf 80' lang='lat' dir='ltr'>deficeret,</span> <span class='ocrx_word' id='word_1_347' title='bbox 805 2472 842 2499; x_wconf 92' lang='lat' dir='ltr'>et</span> <span class='ocrx_word' id='word_1_348' title='bbox 870 2463 1084 2499; x_wconf 88' lang='lat' dir='ltr'>solicitudo</span> <span class='ocrx_word' id='word_1_349' title='bbox 1112 2464 1413 2500; x_wconf 88' lang='lat' dir='ltr'>adinvencionis</span> <span class='ocrx_word' id='word_1_350' title='bbox 1443 2465 1575 2512; x_wconf 86' lang='lat' dir='ltr'>regule</span> <span class='ocrx_word' id='word_1_351' title='bbox 1604 2465 1879 2512; x_wconf 85' lang='lat' dir='ltr'>superflueret.</span> 
     </span>
    </p>
   </div>
   <div class='ocr_carea' id='block_1_17' title="bbox 1908 802 1943 823">
    <p class='ocr_par' dir='ltr' id='par_1_21' title="bbox 1908 802 1943 823">
     <span class='ocr_line' id='line_1_43' title="bbox 1908 802 1943 823; baseline -0.029 0"><span class='ocrx_word' id='word_1_352' title='bbox 1908 802 1943 823; x_wconf 91' lang='grc' dir='ltr'>ΙΟ</span> 
     </span>
    </p>
   </div>
   <div class='ocr_carea' id='block_1_18' title="bbox 1908 1081 1942 1112">
    <p class='ocr_par' dir='ltr' id='par_1_22' title="bbox 1908 1081 1942 1112">
     <span class='ocr_line' id='line_1_44' title="bbox 1908 1081 1942 1112; baseline 0 0"><span class='ocrx_word' id='word_1_353' title='bbox 1908 1081 1942 1112; x_wconf 77' lang='lat'>15</span> 
     </span>
    </p>
   </div>
   <div class='ocr_carea' id='block_1_19' title="bbox 1902 1382 1944 1403">
    <p class='ocr_par' dir='ltr' id='par_1_23' title="bbox 1902 1382 1944 1403">
     <span class='ocr_line' id='line_1_45' title="bbox 1902 1382 1944 1403; baseline 0.024 -1"><span class='ocrx_word' id='word_1_354' title='bbox 1902 1382 1944 1403; x_wconf 83' lang='lat'>20</span> 
     </span>
    </p>
   </div>
   <div class='ocr_carea' id='block_1_20' title="bbox 1901 1662 1939 1694">
    <p class='ocr_par' dir='ltr' id='par_1_24' title="bbox 1901 1662 1939 1694">
     <span class='ocr_line' id='line_1_46' title="bbox 1901 1662 1939 1694; baseline 0.026 -1"><span class='ocrx_word' id='word_1_355' title='bbox 1901 1662 1939 1694; x_wconf 75' lang='lat'>25</span> 
     </span>
    </p>
   </div>
   <div class='ocr_carea' id='block_1_21' title="bbox 301 2521 1939 2571">
    <p class='ocr_par' dir='ltr' id='par_1_25' title="bbox 301 2521 1939 2571">
     <span class='ocr_line' id='line_1_47' title="bbox 301 2521 1939 2571; baseline 0.002 -16"><span class='ocrx_word' id='word_1_356' title='bbox 301 2525 350 2552; x_wconf 84' lang='lat' dir='ltr'>HI.</span> <span class='ocrx_word' id='word_1_357' title='bbox 373 2526 383 2553; x_wconf 94' lang='grc' dir='ltr'>Ι</span> <span class='ocrx_word' id='word_1_358' title='bbox 404 2534 451 2553; x_wconf 80' lang='lat' dir='ltr'>am</span> <span class='ocrx_word' id='word_1_359' title='bbox 475 2527 537 2553; x_wconf 71' lang='lat' dir='ltr'>said</span> <span class='ocrx_word' id='word_1_360' title='bbox 630 2522 707 2557; x_wconf 86' lang='lat' dir='ltr'>Sed</span> <span class='ocrx_word' id='word_1_361' title='bbox 744 2521 787 2556; x_wconf 82' lang='lat'>30</span> <span class='ocrx_word' id='word_1_362' title='bbox 820 2521 1001 2557; x_wconf 87' lang='lat' dir='ltr'>obiciunt</span> <span class='ocrx_word' id='word_1_363' title='bbox 1035 2521 1091 2557; x_wconf 90' lang='lat' dir='ltr'>illi</span> <span class='ocrx_word' id='word_1_364' title='bbox 1124 2521 1192 2570; x_wconf 90' lang='lat' dir='ltr'>qui</span> <span class='ocrx_word' id='word_1_365' title='bbox 1226 2534 1269 2558; x_wconf 86' lang='lat' dir='ltr'>ex</span> <span class='ocrx_word' id='word_1_366' title='bbox 1300 2522 1488 2570; x_wconf 86' lang='lat' dir='ltr'>predictis</span> <span class='ocrx_word' id='word_1_367' title='bbox 1521 2522 1739 2568; x_wconf 90' lang='lat' dir='ltr'>insaniunt,</span> <span class='ocrx_word' id='word_1_368' title='bbox 1773 2523 1880 2571; x_wconf 91' lang='lat' dir='ltr'>quod</span> <span class='ocrx_word' id='word_1_369' title='bbox 1894 2538 1939 2568; x_wconf 80' lang='lat'>40</span> 
     </span>
    </p>
   </div>
   <div class='ocr_carea' id='block_1_22' title="bbox 298 2561 1880 2628">
    <p class='ocr_par' dir='ltr' id='par_1_26' title="bbox 298 2561 1880 2628">
     <span class='ocr_line' id='line_1_48' title="bbox 298 2561 1880 2628; baseline 0.002 -15"><span class='ocrx_word' id='word_1_370' title='bbox 298 2561 539 2622; x_wconf 46' lang='lat' dir='ltr'>Clssclssteffffisslgtytiss</span> <span class='ocrx_word' id='word_1_371' title='bbox 572 2578 806 2615; x_wconf 84' lang='lat' dir='ltr'>contradico</span> <span class='ocrx_word' id='word_1_372' title='bbox 839 2588 1031 2628; x_wconf 87' lang='lat' dir='ltr'>tanquam</span> <span class='ocrx_word' id='word_1_373' title='bbox 1058 2580 1255 2616; x_wconf 90' lang='lat' dir='ltr'>hereticus</span> <span class='ocrx_word' id='word_1_374' title='bbox 1279 2580 1610 2616; x_wconf 86' lang='lat' dir='ltr'>determinacioni</span> <span class='ocrx_word' id='word_1_375' title='bbox 1645 2580 1809 2616; x_wconf 89' lang='lat' dir='ltr'>ecclesie</span> <span class='ocrx_word' id='word_1_376' title='bbox 1834 2582 1880 2615; x_wconf 89' lang='lat' dir='ltr'>de</span> 
     </span>
    </p>
   </div>
   <div class='ocr_carea' id='block_1_23' title="bbox 290 2629 548 2657">
    <p class='ocr_par' dir='ltr' id='par_1_27' title="bbox 290 2629 548 2657">
     <span class='ocr_line' id='line_1_49' title="bbox 290 2629 548 2657; baseline 0.004 -2"><span class='ocrx_word' id='word_1_377' title='bbox 290 2629 426 2656; x_wconf 84' lang='lat' dir='ltr'>decision</span> <span class='ocrx_word' id='word_1_378' title='bbox 448 2631 481 2656; x_wconf 73' lang='lat' dir='ltr'>of</span> <span class='ocrx_word' id='word_1_379' title='bbox 499 2631 548 2657; x_wconf 87' lang='lat' dir='ltr'>the</span> 
     </span>
    </p>
   </div>
   <div class='ocr_carea' id='block_1_24' title="bbox 571 2710 1878 2816">
    <p class='ocr_par' dir='ltr' id='par_1_28' title="bbox 571 2710 1878 2816">
     <span class='ocr_line' id='line_1_50' title="bbox 674 2710 1877 2741; baseline 0.001 -2"><span class='ocrx_word' id='word_1_380' title='bbox 674 2710 699 2739; x_wconf 84' lang='lat'>3.</span> <span class='ocrx_word' id='word_1_381' title='bbox 721 2721 851 2739; x_wconf 80' lang='lat' dir='ltr'>onerosa</span> <span class='ocrx_word' id='word_1_382' title='bbox 865 2713 931 2740; x_wconf 87' lang='lat' dir='ltr'>AC.</span> <span class='ocrx_word' id='word_1_383' title='bbox 1004 2713 1028 2741; x_wconf 88' lang='grc'>5.</span> <span class='ocrx_word' id='word_1_384' title='bbox 1047 2713 1132 2740; x_wconf 77' lang='lat' dir='ltr'>botas</span> <span class='ocrx_word' id='word_1_385' title='bbox 1147 2714 1181 2741; x_wconf 85' lang='lat' dir='ltr'>C.</span> <span class='ocrx_word' id='word_1_386' title='bbox 1255 2713 1281 2740; x_wconf 73' lang='lat'>8.</span> <span class='ocrx_word' id='word_1_387' title='bbox 1298 2717 1342 2740; x_wconf 72' lang='lat' dir='ltr'>est</span> <span class='ocrx_word' id='word_1_388' title='bbox 1355 2714 1438 2740; x_wconf 70' lang='lat' dir='ltr'>deest</span> <span class='ocrx_word' id='word_1_389' title='bbox 1454 2713 1484 2740; x_wconf 80' lang='grc' dir='ltr'>Β.</span> <span class='ocrx_word' id='word_1_390' title='bbox 1560 2721 1593 2740; x_wconf 86' lang='lat'>11.</span> <span class='ocrx_word' id='word_1_391' title='bbox 1616 2713 1716 2740; x_wconf 85' lang='lat' dir='ltr'>clerici</span> <span class='ocrx_word' id='word_1_392' title='bbox 1737 2714 1821 2740; x_wconf 75' lang='lat' dir='ltr'>deest</span> <span class='ocrx_word' id='word_1_393' title='bbox 1840 2715 1877 2740; x_wconf 89' lang='lat' dir='ltr'>A.</span> 
     </span>
     <span class='ocr_line' id='line_1_51' title="bbox 572 2746 1878 2783; baseline 0.002 -11"><span class='ocrx_word' id='word_1_394' title='bbox 572 2754 613 2780; x_wconf 80' lang='lat'>19.</span> <span class='ocrx_word' id='word_1_395' title='bbox 634 2747 819 2774; x_wconf 68' lang='lat' dir='ltr'>caliditatem</span> <span class='ocrx_word' id='word_1_396' title='bbox 841 2749 878 2774; x_wconf 90' lang='lat' dir='ltr'>A.</span> <span class='ocrx_word' id='word_1_397' title='bbox 970 2746 1012 2774; x_wconf 75' lang='lat'>23.</span> <span class='ocrx_word' id='word_1_398' title='bbox 1033 2749 1077 2774; x_wconf 83' lang='lat' dir='ltr'>vel</span> <span class='ocrx_word' id='word_1_399' title='bbox 1105 2748 1212 2783; x_wconf 65' lang='lat' dir='ltr'>before</span> <span class='ocrx_word' id='word_1_400' title='bbox 1234 2749 1377 2775; x_wconf 79' lang='lat' dir='ltr'>addendo</span> <span class='ocrx_word' id='word_1_401' title='bbox 1398 2749 1480 2775; x_wconf 78' lang='lat' dir='ltr'>deest</span> <span class='ocrx_word' id='word_1_402' title='bbox 1500 2748 1533 2775; x_wconf 88' lang='lat' dir='ltr'>C.</span> <span class='ocrx_word' id='word_1_403' title='bbox 1624 2747 1666 2775; x_wconf 75' lang='lat'>33.</span> <span class='ocrx_word' id='word_1_404' title='bbox 1689 2749 1825 2783; x_wconf 72' lang='lat' dir='ltr'>negative</span> <span class='ocrx_word' id='word_1_405' title='bbox 1847 2749 1878 2775; x_wconf 78' lang='grc' dir='ltr'>Β.</span> 
     </span>
     <span class='ocr_line' id='line_1_52' title="bbox 571 2779 1014 2816; baseline 0.007 -10"><span class='ocrx_word' id='word_1_406' title='bbox 571 2779 615 2807; x_wconf 75' lang='lat'>36.</span> <span class='ocrx_word' id='word_1_407' title='bbox 638 2782 805 2808; x_wconf 81' lang='lat' dir='ltr'>secundum</span> <span class='ocrx_word' id='word_1_408' title='bbox 825 2790 884 2816; x_wconf 85' lang='lat' dir='ltr'>pro</span> <span class='ocrx_word' id='word_1_409' title='bbox 905 2783 961 2809; x_wconf 83' lang='lat' dir='ltr'>deo</span> <span class='ocrx_word' id='word_1_410' title='bbox 983 2783 1014 2809; x_wconf 76' lang='grc' dir='ltr'>Β.</span> 
     </span>
    </p>
   </div>
  </div>
 </body>
</html>
