2067 3298
270 238 359 266 cAP.
380 238 432 265 1v.
740 240 800 271 DE
828 240 1136 271 BLASPHEMIA.
1822 234 1838 267 5
1852 240 1868 268 ³

267 346 389 383 seculi
423 347 472 382 ad
505 354 652 382 eterna.
698 347 746 381 Et
779 346 986 394 phariseus
1020 345 1266 382 condicionis
1305 346 1489 394 opposite
1525 355 1582 382 est

266 417 401 441 servus
435 403 717 452 dampnabilis,
751 404 934 452 proditor
966 416 1112 452 sponse
1146 403 1278 441 Cristi.

326 465 373 498 Et
410 471 521 510 patet
557 462 764 509 quomodo
808 463 1069 510 pseudopapa
1114 461 1353 497 discernitur
1391 474 1413 497 a
1458 461 1579 498 fideli.
1596 468 1663 495 The
1682 468 1760 496 false
1782 469 1863 503 Pope

267 520 307 556 Si
351 519 456 556 enim
491 519 622 568 querit
654 532 731 568 que
769 532 841 556 sua
873 528 978 566 sunt,
1016 521 1232 555 detrahens
1271 519 1454 555 subditos
1487 532 1579 556 suos
1606 504 1719 564 cange
1737 504 1853 566 fflown

232 579 248 612 5
266 577 419 625 peccati
438 579 617 625 pondere
636 579 685 614 ad
700 577 914 622 infernum,
932 577 1019 625 quis
1040 577 1196 615 dubitat
1211 576 1308 625 quin
1322 586 1577 613 terrenorum
1605 577 1851 644 ggssffilymtsslsffljg

266 635 463 683 cupiditas
514 635 646 683 ipsum
700 635 821 671 faciat
878 635 1154 671 anticristum?
1216 635 1394 671 Primum
1443 645 1576 671 autem
1697 653 1765 682 The

263 705 461 729 venenum
515 693 691 730 notabile
742 702 831 741 post
877 693 1049 729 Cristum
1102 693 1270 729 effusum
1318 693 1358 728 in
1409 693 1577 730 ecclesia
1601 689 1804 751 ffiafi‘fflffieffi
1822 690 1860 760 ἓξ

266 750 412 787 dicitur
464 760 597 787 ortum
653 763 695 787 ex
753 750 969 787 dotacione
1018 751 1177 787 romani
1234 750 1452 798 pontificis,
1504 753 1577 787 sub
1621 758 1836 791 Constantine,

265 808 532 845 Constantino
567 820 701 845 cesare
735 817 772 844 et
804 808 1011 855 silvestro,
1046 810 1094 844 de
1127 822 1206 857 qua
1239 808 1330 845 dist.
1367 810 1432 855 96,
1479 809 1576 845 Con·
1609 793 1843 864 ξῖῗοξξῖξὲεῐξῖ,

210 878 249 899 10
262 867 454 902 stantinus
475 867 701 915 imperator.
728 866 862 902 Primo
887 875 1021 903 autem
1046 867 1321 916 blasfematur,
1347 867 1574 903 extollendo
1614 868 1838 924 gffinsstgsffig

264 924 496 960 Silvestrum
537 937 657 971 super
693 936 814 960 omne
852 926 961 972 quod
1005 924 1152 960 dicitur
1191 926 1301 969 deus,
1347 926 1455 972 quod
1494 906 1861 968 110ncont1·a1-y3t0the

262 982 392 1029 potuit
415 994 596 1030 peccare,
630 982 685 1018 sic
708 982 939 1029 recipiendo
964 982 1220 1018 dotacionem
1244 983 1423 1019 ecclesie.
1458 984 1576 1028 Quod
1626 967 1835 1029 sssgitthgrfsrhe

262 1048 320 1075 est
343 1049 482 1076 contra
506 1041 712 1075 decretum
738 1039 929 1089 Cipriani,
954 1039 1129 1087 positum
1155 1040 1243 1076 dist.
1263 1041 1299 1077 8.
1332 1040 1401 1077 “Si
1425 1041 1573 1086 solus,’'

261 1097 403 1145 inquit,
444 1097 626 1133 “Cristus
666 1097 887 1133 audiendus
921 1106 991 1143 est,
1025 1110 1106 1134 non
1142 1099 1334 1134 debemus
1367 1100 1573 1134 attendere

208 1157 368 1202 15quod
401 1155 502 1191 alius
535 1163 626 1191 ante
659 1168 731 1191 nos
764 1155 994 1191 faciendum
1028 1156 1241 1203 putaverit,
1275 1158 1344 1192 sed
1377 1156 1473 1204 quid
1506 1157 1574 1204 qui

260 1221 352 1249 ante
385 1225 456 1249 nos
490 1225 629 1249 omnes
654 1222 723 1258 est,
749 1213 915 1259 Cristus,
939 1213 1049 1261 prior
1071 1213 1251 1253 fecerit.’⁷
1287 1216 1335 1249 Et
1357 1213 1463 1250 idem
1487 1226 1574 1250 sen-

259 1270 407 1307 tenciat
428 1270 676 1318 Augustinus
706 1271 746 1306 in
775 1283 960 1307 sermone
993 1272 1039 1306 de
1062 1271 1137 1307 vita
1161 1272 1407 1317 clericorum,
1440 1272 1571 1320 posito
1634 1279 1809 1314 Augustino

266 1332 333 1375 17a
359 1337 486 1376 quest.
509 1342 534 1374 4
559 1332 625 1365 ca0
648 1328 791 1364 ultimo
816 1330 887 1365 sub
912 1329 970 1365 his
993 1328 1142 1365 verbis:
1168 1329 1438 1378 “Quicunque
1460 1330 1567 1375 wult,
1600 1353 1630 1375 to
1652 1314 1814 1377 dffffiffisslfjt
1834 1358 1851 1376 a

259 1386 530 1423 exhereditato
581 1386 677 1432 filio,
730 1387 918 1423 heredem
969 1387 1099 1423 facere
1150 1387 1375 1434 ecclesiam,
1425 1397 1569 1435 querat
1606 1391 1662 1410 son
1683 1384 1713 1411 in
1735 1386 1844 1411 favour

201 1455 243 1477 20
258 1444 380 1480 alium
416 1444 483 1493 qui
516 1444 722 1493 suscipiat,
756 1457 838 1480 non
860 1444 1150 1492 Augustinum:
1184 1458 1334 1492 ymmo,
1368 1446 1443 1482 deo
1477 1418 1859 1493 pro-ifficiffillggviiiucliss

256 1501 374 1549 picio,
415 1502 616 1539 neminem
657 1502 844 1538 inveniet.
891 1504 1023 1548 Quam
1062 1503 1265 1539 laudabile
1304 1503 1377 1539 fuit
1416 1504 1567 1540 facturn
1591 1488 1854 1550 legarilguffigggn

256 1559 383 1596 sancti
398 1560 549 1596 Aurelii
572 1560 875 1607 cartaginiensis
899 1560 1095 1609 episcopi!
1125 1560 1300 1606 Quidam
1325 1561 1445 1607 enim,
1471 1563 1567 1597 dum
1589 1558 1720 1594 morally
1739 1567 1858 1594 wrong.

256 1616 355 1654 filios
378 1631 459 1654 non
483 1619 660 1664 haberet,
684 1630 756 1654 nec
780 1627 975 1665 speraret,
1010 1632 1070 1655 res
1103 1631 1195 1655 suas
1225 1632 1378 1665 omnes,
1413 1629 1568 1656 retento

253 1675 328 1711 sibi
373 1676 594 1722 usufructu,
645 1675 809 1712 donavit
858 1677 1036 1714 ecclesie.
1096 1677 1188 1713 Nati
1243 1686 1336 1713 sunt
1387 1677 1422 1713 ei
1475 1677 1564 1714 filii:

197 1734 236 1766 25
253 1733 427 1769 reddidit
460 1734 494 1770 ei
528 1734 739 1782 episcopus
773 1734 929 1780 omnia;
969 1747 1042 1771 nec
1082 1735 1266 1782 opinanti
1306 1748 1364 1782 ea,
1399 1748 1477 1783 que
1510 1735 1567 1771 illi

254 1792 474 1827 donaverat
513 1791 553 1827 in
586 1800 784 1839 potestate
818 1793 991 1829 habebat
1025 1793 1236 1841 episcopus
1270 1806 1351 1829 non
1385 1795 1565 1838 reddere,

253 1850 322 1885 sed
355 1849 441 1885 iure
473 1849 562 1894 fori,
597 1862 678 1886 non
710 1849 794 1886 iure
827 1850 950 1897 poli.''

173 1907 215 1939 D.
311 1908 412 1943 Ecce
431 1907 562 1954 primo
586 1909 792 1955 quomodo
816 1908 943 1944 sancti
967 1909 1221 1954 horruerant,
1246 1910 1407 1956 quando
1424 1922 1565 1957 parum

252 1964 355 2012 lapsi
378 1974 471 2001 sunt
494 1977 515 2001 a
539 1965 659 2001 Cristi
683 1965 889 2013 pauperie,
924 1967 1031 2014 quod
1061 1978 1180 2014 super
1204 1966 1313 2014 ipsos
1338 1968 1566 2003 cumuletur
1667 1979 1775 2019 Either

196 2022 387 2070 3olapsus
441 2023 612 2070 gravior.
666 2025 713 2059 Et
747 2023 911 2059 indubie
958 2024 1018 2060 vel
1064 2033 1225 2072 oportet
1271 2025 1402 2061 dicere
1456 2026 1564 2073 quod
1631 2015 1805 2042 Auonstme

1614 2035 1717 2076 would
1741 2050 1817 2077 have

252 2080 498 2128 Augustinus
522 2080 563 2116 in
587 2082 663 2117 hoc
687 2080 794 2117 dicto
819 2081 1005 2118 dissensit
1028 2082 1097 2118 tali
1122 2082 1342 2128 dotacioni,
1372 2092 1409 2118 et
1433 2082 1564 2130 inpre—
1611 2084 1830 2146 ὺέθῐὲυᾶεέῗιᾶῑῠεῑ

252 2147 363 2174 catus
378 2138 452 2174 fuit
474 2151 555 2174 non
568 2139 653 2175 fore
675 2138 852 2187 aliquam
878 2139 917 2175 in
933 2140 1125 2185 futurum,
1141 2141 1201 2176 vel
1223 2142 1331 2188 quod
1354 2149 1563 2188 tamquam
1585 2153 1794 2190 endowmenr,
1816 2165 1851 2183 οι-

251 2195 422 2232 infidelis
445 2196 486 2234 in
504 2196 578 2233 ista
600 2197 685 2245 lege
709 2196 906 2245 dissipuit.
932 2199 1009 2234 Sed
1033 2206 1188 2234 retento
1211 2198 1342 2245 primo
1366 2200 1563 2244 membro,
1585 2189 1852 2260 Ἥξξᾞῗζῐῗέἇέϊῖῗ

251 2262 360 2300 patet
411 2254 637 2291 evidencius
690 2256 797 2303 quod
847 2255 975 2291 sancti
1024 2255 1167 2303 prelati
1217 2265 1398 2292 tenerent
1447 2257 1565 2293 hodie
1619 2259 1781 2296 *allgood

194 2312 235 2345 35
252 2313 420 2347 eandem
460 2312 721 2350 sentenciam.
761 2314 877 2349 Nunc
911 2312 1015 2349 enim
1053 2322 1110 2349 est
1144 2313 1311 2350 ecclesia
1344 2315 1432 2362 plus
1465 2323 1565 2351 tem·
1593 2293 1732 2356 Bdffigptf)
1747 2296 1843 2357 (giiigtiu

251 2369 455 2416 poralibus
488 2369 694 2417 inviscata,
729 2378 766 2406 et
792 2370 1137 2418 inpetracionibus
1168 2372 1336 2408 subdole
1360 2373 1447 2419 plus
1472 2381 1563 2408 sunt
1631 2363 1706 2391 with
1728 2365 1803 2392 him.

249 2426 419 2464 invente.

319 2533 346 2560 9.
369 2534 429 2560 quo
451 2526 485 2554 C.
593 2534 621 2561 9„
645 2534 684 2554 10.
707 2527 914 2554 Constancius
935 2528 968 2555 C.
1073 2536 1112 2563 17.
1134 2528 1327 2563 Augustinus
1348 2529 1378 2556 in
1399 2537 1500 2565 marg.
1520 2530 1560 2556 A.

250 2559 289 2588 18.
323 2560 353 2587 in
379 2568 479 2597 marg.
513 2566 586 2588 nota
618 2562 649 2589 Β.
759 2569 802 2588 22.
836 2562 924 2589 catha
956 2562 990 2590 C.
1099 2561 1141 2589 23.
1170 2571 1224 2590 nec
1251 2568 1386 2598 speraret
1412 2564 1498 2591 deest
1521 2564 1559 2591 A.

247 2625 294 2651 24.
316 2626 374 2645 usu
393 2618 549 2645 fructuum
571 2619 602 2646 Β.
683 2618 726 2647 25.
747 2609 820 2647 O'ffio
841 2620 875 2647 C.
961 2620 1007 2647 26.
1029 2620 1191 2647 donaverit
1210 2620 1243 2647 B.
1324 2619 1366 2648 33.
1389 2621 1425 2648 de
1453 2622 1495 2648 uit
1514 2622 1559 2655 Α;

247 2652 381 2691 desipuit
401 2652 436 2680 C.
469 2687 473 2691 ἡ
538 2652 584 2686 34·
607 2653 679 2688 plati
701 2657 736 2680 Α.
842 2653 883 2682 35.
904 2654 997 2681 istam
1016 2663 1075 2690 pro
1096 2655 1225 2682 eandem
1246 2655 1287 2689 C;
1316 2655 1353 2682 ih.
1375 2663 1425 2683 ecc
1440 2656 1500 2683 esie
1520 2657 1558 2683 A.

246 2685 292 2714 30.
313 2691 553 2722 impetraclones
575 2689 644 2723 plus
665 2689 795 2716 subdole
816 2689 851 2716 C.
925 2688 968 2722 37.
990 2690 1091 2716 invete
1111 2690 1149 2717 A.

321 2780 370 2801 10.
397 2770 495 2801 Decr.
523 2771 616 2802 Grat.
648 2776 680 2803 1a
700 2772 793 2803 Pars.
821 2772 906 2803 Dist.
934 2772 1051 2811 XCVI,
1080 2783 1107 2803 e.
1132 2773 1181 2805 13.
1261 2771 1310 2804 16.
1337 2773 1436 2804 Decr.
1465 2773 1557 2805 Grat.

251 2821 282 2846 1a
304 2816 398 2847 Pars.
424 2817 614 2857 Dist.*VIlI,
643 2828 670 2849 c.
689 2828 721 2861 9.
823 2817 871 2849 18.
899 2819 999 2850 Decr.
1027 2819 1119 2850 Grat.
1150 2824 1184 2849 2³
1206 2819 1299 2850 Pars.
1328 2819 1434 2850 Cons.
1454 2820 1556 2859 XV11‚

246 2871 305 2903 qu.
330 2872 363 2901 4,
391 2872 418 2893 c.
445 2864 501 2903 43.
