2067 3298
279 250 367 278 CAP-
389 249 426 275 V·
744 251 803 282 DE
835 250 1144 282 BLASPHEMIA.
1828 260 1871 295 71

278 359 412 407 fugere
444 370 517 394 nec
556 371 577 394 a
616 357 747 394 iudice
782 358 940 405 culpam
982 358 1242 404 abscondere,
1287 357 1404 394 faciet
1445 370 1511 395 eos
1551 360 1589 396 in

276 417 460 453 tenebras
493 416 705 453 exteriores
738 427 937 452 corruere.

199 477 237 509 F.
336 474 456 523 Signa
489 483 620 511 autem
656 473 1002 522 preponderancie
1036 472 1159 509 fastus
1193 482 1229 509 et
1270 483 1433 522 questus
1472 488 1591 524 super
1632 483 1698 511 The
1719 487 1850 514 number

277 533 469 569 honorem
507 532 569 569 dei
603 540 639 569 et
671 533 840 568 salutem
875 530 1041 568 ecclesie
1075 539 1132 567 est
1166 533 1309 568 modus
1345 541 1381 569 et
1404 533 1589 582 frequen-
1611 519 1873 586 gF‘gxgffffiffiflfff,

244 590 382 627 Stacio
422 589 854 627 excommunicacionis
895 602 1014 638 quam
1056 590 1178 626 modo
1217 590 1444 637 fulminant,
1485 593 1588 629 ultra
1612 590 1874 662 διξῇῑῐςῑῗθῑίᾗῑῶἓοΐ

277 650 351 685 hoc
375 650 482 697 quod
507 648 659 685 Cristus
692 656 729 685 et
761 648 821 684 sui
845 646 1017 696 apostoli
1051 648 1338 696 exemplarunt.
1372 649 1450 697 Ipsi
1483 649 1586 686 enim
1633 658 1699 687 that
1718 660 1788 697 they
1808 661 1848 689 do

276 719 354 743 non
408 707 662 743 tradiderunt
705 718 951 754 quemquam
1004 707 1183 753 sathane,
1238 718 1310 742 nec
1363 707 1587 745 habuerunt
1632 698 1850 766 ς’ᾆὲξῃρζοξῑῇᾗ

277 772 517 813 potestatem
557 766 606 801 ad
640 765 728 811 hoc,
768 763 842 800 nisi
874 763 1239 812 proposcionaliter
1271 773 1313 800 ut
1347 766 1589 803 demeruerit
1621 764 1862 828 sriigffffiessgltoess'e

277 832 374 871 aput
407 824 538 859 deum.
584 822 790 871 Numquid
823 822 1024 858 credimus
1062 822 1122 858 lex
1155 822 1589 861 excommunicacionis
1604 832 1877 870 disproportioned

223 893 261 914 10
278 880 342 930 (de
365 894 444 929 qua
467 881 506 917 in
532 884 577 928 70
594 881 781 917 decretal.
801 881 848 916 de
869 880 993 928 penis,
1018 880 1225 929 ca0felicis
1249 881 1590 929 recordacionis)9
1612 872 1646 930 ἑξ
1666 870 1867 933 ξξθᾶοξεῗζξξῇ

276 938 343 975 ubi
376 938 577 985 statuitur,
612 940 719 987 quod
754 938 814 974 “si
838 938 925 987 quis
949 937 1194 975 cardinalem
1226 951 1392 976 romane
1423 940 1589 977 ecclesie
1646 940 1817 1002 xvssssscsselsslz

276 996 475 1033 hostiliter
502 997 620 1033 fuerit
643 1005 888 1045 persecutus,
922 996 953 1032 si
977 996 1218 1044 percusserit
1240 997 1300 1033 vel
1324 998 1487 1045 ceperit,
1522 1008 1589 1035 aut
1659 983 1740 1037 clelgr
1759 984 1837 1037 vlvalsS

277 1055 308 1091 si
341 1055 472 1091 socius
505 1054 623 1091 fuerit
655 1054 850 1099 facientis,
885 1054 934 1090 sit
959 1063 1154 1102 perpetuo
1188 1054 1348 1091 infamis
1381 1065 1586 1105 tamquam
1629 1044 1762 1114 dmggitssff
1783 1045 1857 1108 235³

276 1126 365 1149 reus
390 1112 568 1149 criminis
591 1114 670 1149 lese
695 1111 927 1149 maiestatis.
953 1112 1012 1149 Sit
1036 1112 1252 1158 diffidatus,
1269 1113 1318 1149 sit
1332 1113 1589 1161 intestabilis3
1670 1122 1809 1150 revenge.

223 1174 258 1205 15
275 1184 348 1208 nec
394 1170 557 1207 habebit
601 1170 640 1206 in
680 1172 899 1219 repetendo
937 1171 997 1207 vel
1037 1172 1318 1218 respondendo
1357 1172 1396 1207 in
1441 1172 1590 1210 iudicio

275 1229 441 1266 liberam
478 1228 728 1266 accionem'’.
769 1230 818 1265 Et
857 1228 912 1265 sic
945 1230 993 1265 de
1026 1227 1162 1264 multis
1195 1229 1501 1267 condicionibus
1534 1231 1591 1268 in-

275 1287 559 1334 fundabilibus,
594 1299 671 1336 que
703 1295 794 1323 sunt
827 1286 954 1334 magis
988 1287 1186 1323 horrende
1227 1300 1345 1335 quam
1381 1301 1483 1336 pena
1516 1303 1589 1337 pro

275 1345 499 1382 tradicione
523 1345 641 1381 Cristi
665 1346 822 1393 psalmo
846 1344 1032 1381 Scarioth
1054 1345 1307 1393 prophetata.
1335 1346 1410 1382 Ubi
1434 1356 1586 1383 certum

275 1403 445 1447 videtur,
488 1416 578 1440 cum
614 1412 709 1451 aput
743 1405 860 1439 deum
895 1416 975 1440 non
1008 1403 1058 1439 sit
1089 1415 1351 1451 personarum
1387 1406 1588 1454 accepcio,

219 1474 260 1495 20
275 1463 382 1510 quod
428 1461 501 1498 ista
540 1462 600 1498 lex
641 1461 836 1509 processit
876 1474 918 1497 ex
958 1461 1176 1498 affeccione
1220 1462 1488 1510 proprietaria
1532 1464 1590 1500 in-

275 1519 418 1556 iuriam
444 1519 646 1568 propriam
672 1519 920 1564 vindicandi3
954 1520 1061 1568 quod
1084 1528 1281 1568 repugnat
1304 1520 1474 1568 caritati,
1499 1535 1588 1558 cum

275 1578 523 1626 exemplatur
556 1590 598 1614 ex
632 1577 871 1614 commentis
896 1577 1059 1623 diaboli,
1093 1578 1155 1614 cui
1179 1578 1386 1626 proprium
1412 1589 1469 1616 est
1492 1580 1589 1616 nulli

275 1635 476 1672 dimittere
508 1637 577 1672 sed
609 1635 774 1672 omnino
807 1635 879 1671 niti
911 1635 1099 1672 iniuriam
1136 1636 1341 1684 propriam
1372 1637 1589 1675 vindicare.

333 1696 443 1737 Item,
469 1695 515 1730 de
539 1695 625 1742 lege
650 1693 712 1730 dei
736 1702 897 1741 oportet
919 1695 1027 1742 quod
1052 1694 1204 1742 equalis
1226 1694 1371 1732 iniuria
1396 1696 1591 1745 equaliter
1634 1707 1719 1743 Why
1740 1708 1850 1736 should

218 1755 257 1787 25
276 1761 312 1788 et
347 1751 475 1788 maior
508 1751 653 1789 iniuria
687 1751 859 1800 amplius
892 1751 1095 1800 puniatur.
1142 1754 1219 1789 Sed
1253 1765 1345 1801 sepe
1379 1755 1588 1803 contingit,
1614 1743 1873 1812 piinnigiiggcrengife

275 1811 384 1858 quod
428 1819 636 1858 peccatum
682 1810 721 1846 in
765 1810 887 1846 alium
927 1823 1008 1846 non
1047 1810 1293 1847 cardinalem
1328 1811 1377 1848 sit
1410 1813 1587 1860 gravius:
1616 1814 1870 1876 beciziiszoeiiyivas

275 1881 382 1916 ergo,
422 1868 571 1904 iustum
610 1868 712 1904 foret
745 1869 853 1916 quod
886 1880 988 1916 pena
1021 1868 1175 1905 inflicta
1208 1868 1257 1905 sit
1290 1870 1462 1917 gravior,
1497 1883 1587 1908 cum
1682 1883 1803 1922 against

274 1926 489 1963 cardinalis
527 1939 607 1962 non
646 1926 686 1962 in
725 1934 918 1974 quantum
959 1926 1050 1963 talis
1089 1926 1138 1962 sit
1178 1926 1297 1963 Cristi
1330 1928 1482 1965 domini
1515 1942 1588 1966 nec
1610 1916 1844 1989 NatCardmaIJ

272 1984 312 2020 in
328 1984 493 2021 domino
516 1984 791 2029 confirmatus,
809 1985 875 2020 sed
892 1985 939 2020 de
955 1984 1134 2032 possibili
1150 1996 1394 2033 persequens
1411 1986 1586 2023 Cristum
1638 1967 1881 2035 pelgiggffigatrgly

216 2046 258 2078 30
273 2051 310 2079 et
342 2044 523 2079 membra
557 2041 652 2087 eius,
689 2041 944 2078 manifestum
979 2050 1035 2079 est
1070 2054 1113 2078 ex
1151 2043 1236 2091 lege
1276 2043 1397 2079 divini
1436 2044 1587 2090 iudicii,
1634 2033 1854 2098 ςξξξιξῐξςεὲοξῃ

273 2101 381 2149 quod
415 2100 507 2136 licet
539 2100 579 2136 in
612 2113 706 2137 casu
739 2101 959 2137 secundum
994 2100 1109 2136 istam
1137 2113 1281 2148 penam
1316 2102 1514 2150 triplicem
1551 2112 1587 2139 et
1649 2111 1749 2166 arache,
1771 2105 1830 2133 and

274 2159 399 2195 multo
438 2158 600 2195 acucius
639 2158 823 2207 persequi
865 2158 1124 2195 cardinalem.
1171 2159 1249 2204 Qui
1288 2159 1410 2207 igitur
1448 2161 1587 2197 statuit
1619 2146 1867 2209 peliggctiijosrfhe

273 2229 418 2264 penam
450 2215 679 2253 huiusmodi
712 2216 918 2253 blasfemie
951 2217 1076 2264 legem
1112 2216 1252 2253 statuit
1286 2226 1427 2254 contra
1451 2220 1584 2255 deum.
1636 2209 1853 2272 mrssyerliitirphsglf

274 2277 385 2322 Item,
426 2274 555 2310 maior
599 2287 691 2322 pars
730 2274 897 2311 istarum
936 2287 1130 2323 penarum
1174 2275 1277 2323 sapit
1316 2276 1583 2323 blasfemiam,
1677 2284 1811 2341 sevgrest

216 2334 345 2369 35nee
377 2332 556 2368 subiacet
589 2332 766 2380 episcopi
790 2332 991 2381 potestati.
1028 2334 1259 2380 Quomodo,
1294 2346 1431 2381 queso,
1466 2336 1586 2371 habet
1601 2319 1741 2375 thue¹r¹1¹ge
1755 2319 1879 2377 Γιῗέἒξῇε

273 2403 377 2438 papa
423 2399 663 2439 potestatem
709 2390 928 2427 mandandi
974 2390 1112 2427 omnia
1153 2392 1258 2427 bona
1303 2391 1442 2428 talium
1492 2405 1587 2429 con·
1609 2382 1873 2446 Ξὲῐξῇῃξῇέῗυὲᾓ

274 2448 419 2494 fiscari,
465 2448 541 2484 nisi
580 2448 699 2485 fuerit
741 2449 962 2485 monarcha
1002 2448 1208 2497 imperans
1248 2449 1482 2487 seculariter
1515 2450 1587 2487 toti
1657 2453 1826 2487 penalties?

341 2581 365 2609 5.
388 2589 448 2608 non
464 2589 526 2616 pro
548 2582 642 2609 modo
661 2582 700 2609 A.
803 2582 830 2609 6.
852 2564 969 2609 ex-i-rff
984 2582 1047 2615 (sic)
1068 2583 1106 2610 A.
1209 2582 1236 2610 8.
1258 2583 1293 2610 ad
1315 2599 1348 2602 —
1369 2583 1428 2611 nisi
1450 2584 1531 2611 deest
1551 2584 1586 2613 C.

272 2624 312 2645 10.
333 2624 394 2651 quo
414 2616 452 2650 B;
480 2616 518 2643 ih.
540 2617 574 2643 6ο
594 2617 634 2651 Β;
660 2617 698 2644 ib.
720 2623 751 2643 a⁰
771 2617 810 2644 A.
918 2625 952 2645 11.
974 2617 1146 2644 cardinales
1166 2617 1204 2644 A.
1315 2625 1353 2646 12.
1374 2619 1530 2646 insecutus
1552 2620 1585 2647 B.

1091 2667 1124 2675 Α

273 2684 311 2713 13.
333 2685 436 2713 socius
455 2684 541 2713 deest
558 2686 597 2721 B,
623 2686 661 2713 ih.
682 2686 876 2713 condicionis
896 2687 960 2713 AB.
1035 2686 1070 2714 15.
1090 2678 1210 2714 ffidedo
1230 2688 1295 2722 (sic)
1317 2688 1355 2714 A.
1430 2687 1471 2715 16.
1493 2687 1585 2723 ligam

271 2728 329 2755 pro
350 2720 475 2747 liberam
497 2721 529 2747 B.
609 2721 649 2748 18.
672 2721 773 2756 primo
794 2721 827 2748 Β,
906 2729 952 2748 20.
975 2720 1086 2756 pcess'it
1104 2722 1143 2749 A.
1223 2730 1266 2750 22.
1289 2723 1445 2757 exemplar
1465 2731 1586 2750 excom—

274 2755 466 2782 municantes
485 2756 524 2782 A.
608 2754 651 2783 23.
673 2755 762 2782 debet
778 2764 839 2790 pro
861 2756 913 2783 sed
933 2757 976 2790 A;
1004 2756 1040 2790 d3
1061 2757 1105 2789 (=
1126 2757 1226 2792 debet)
1248 2757 1282 2785 C.
1368 2765 1412 2791 27.
1433 2757 1526 2793 igitur
1546 2757 1585 2793 C;

273 2790 310 2816 ib.
332 2789 424 2817 insita
444 2791 482 2817 A.
555 2789 601 2817 28.
623 2790 744 2818 Cristus
765 2792 803 2818 A.
877 2790 915 2818 31.
937 2791 1007 2818 licet
1028 2792 1110 2818 deest
1129 2792 1168 2818 A.

348 2884 398 2906 10.
425 2856 525 2907 Sexti*
542 2874 641 2907 Decr.
667 2874 689 2907 Ι.
707 2875 748 2914 V,
774 2874 823 2907 tit.
850 2885 870 2919 9
897 2875 954 2915 (de
980 2875 1130 2916 poenis),
1158 2885 1231 2919 cap.
1250 2876 1291 2908 V.
