<?xml version="1.0" encoding="UTF-8"?>
<!DOCTYPE html PUBLIC "-//W3C//DTD XHTML 1.0 Transitional//EN"
    "http://www.w3.org/TR/xhtml1/DTD/xhtml1-transitional.dtd">
<html xmlns="http://www.w3.org/1999/xhtml" xml:lang="en" lang="en">
 <head>
  <title>
</title>
<meta http-equiv="Content-Type" content="text/html;charset=utf-8" />
  <meta name='ocr-system' content='tesseract 3.04.00' />
  <meta name='ocr-capabilities' content='ocr_page ocr_carea ocr_par ocr_line ocrx_word'/>
</head>
<body>
  <div class='ocr_page' id='page_1' title='image "./tractatusdeblasp00wycl_0072.png"; bbox 0 0 2067 3298; ppageno 0'>
   <div class='ocr_carea' id='block_1_1' title="bbox 213 399 423 636">
    <p class='ocr_par' dir='ltr' id='par_1_1' title="bbox 213 399 423 636">
     <span class='ocr_line' id='line_1_1' title="bbox 266 399 377 427; baseline -0.009 0"><span class='ocrx_word' id='word_1_1' title='bbox 266 399 377 427; x_wconf 81' lang='lat' dir='ltr'>Which</span> 
     </span>
     <span class='ocr_line' id='line_1_2' title="bbox 243 435 406 462; baseline -0.006 0"><span class='ocrx_word' id='word_1_2' title='bbox 243 435 406 462; x_wconf 68' lang='lat' dir='ltr'>damnable</span> 
     </span>
     <span class='ocr_line' id='line_1_3' title="bbox 266 471 373 506; baseline 0 -10"><span class='ocrx_word' id='word_1_3' title='bbox 266 471 373 506; x_wconf 78' lang='lat' dir='ltr'>hercsy</span> 
     </span>
     <span class='ocr_line' id='line_1_4' title="bbox 226 505 417 532; baseline 0 -1"><span class='ocrx_word' id='word_1_4' title='bbox 226 506 241 531; x_wconf 84' lang='lat' dir='ltr'>d</span> <span class='ocrx_word' id='word_1_5' title='bbox 250 505 417 532; x_wconf 72' lang='lat' dir='ltr'>isliouours</span> 
     </span>
     <span class='ocr_line' id='line_1_5' title="bbox 213 540 423 567; baseline 0 -1"><span class='ocrx_word' id='word_1_6' title='bbox 213 540 318 567; x_wconf 73' lang='lat' dir='ltr'>Christ</span> <span class='ocrx_word' id='word_1_7' title='bbox 340 548 423 566; x_wconf 81' lang='lat' dir='ltr'>more</span> 
     </span>
     <span class='ocr_line' id='line_1_6' title="bbox 245 576 395 601; baseline 0 0"><span class='ocrx_word' id='word_1_8' title='bbox 245 576 315 601; x_wconf 76' lang='lat' dir='ltr'>thau</span> <span class='ocrx_word' id='word_1_9' title='bbox 339 583 395 601; x_wconf 87' lang='lat' dir='ltr'>our</span> 
     </span>
     <span class='ocr_line' id='line_1_7' title="bbox 247 610 396 636; baseline 0 0"><span class='ocrx_word' id='word_1_10' title='bbox 247 610 396 636; x_wconf 77' lang='lat' dir='ltr'>doctrine.</span> 
     </span>
    </p>
   </div>
   <div class='ocr_carea' id='block_1_2' title="bbox 181 867 457 1250">
    <p class='ocr_par' dir='ltr' id='par_1_2' title="bbox 183 867 457 964">
     <span class='ocr_line' id='line_1_8' title="bbox 199 867 436 898; baseline -0.021 -4"><span class='ocrx_word' id='word_1_11' title='bbox 199 876 223 894; x_wconf 78' lang='lat'>2.</span> <span class='ocrx_word' id='word_1_12' title='bbox 244 867 325 893; x_wconf 70' lang='lat' dir='ltr'>&#39;shut</span> <span class='ocrx_word' id='word_1_13' title='bbox 347 872 436 898; x_wconf 73' lang='lat' dir='ltr'>every</span> 
     </span>
     <span class='ocr_line' id='line_1_9' title="bbox 183 899 457 938; baseline -0.022 -8"><span class='ocrx_word' id='word_1_14' title='bbox 183 907 249 938; x_wconf 77' lang='lat' dir='ltr'>part</span> <span class='ocrx_word' id='word_1_15' title='bbox 273 901 306 927; x_wconf 57' lang='grc' dir='ltr'>οἵ</span> <span class='ocrx_word' id='word_1_16' title='bbox 324 899 457 927; x_wconf 71' lang='lat' dir='ltr'>(jlirist&#39;s</span> 
     </span>
     <span class='ocr_line' id='line_1_10' title="bbox 210 934 429 964; baseline -0.018 -1"><span class='ocrx_word' id='word_1_17' title='bbox 210 937 294 964; x_wconf 71' lang='lat' dir='ltr'>Bodv</span> <span class='ocrx_word' id='word_1_18' title='bbox 316 937 370 962; x_wconf 75' lang='lat' dir='ltr'>has</span> <span class='ocrx_word' id='word_1_19' title='bbox 391 934 429 960; x_wconf 77' lang='lat' dir='ltr'>its</span> 
     </span>
    </p>

    <p class='ocr_par' dir='ltr' id='par_1_3' title="bbox 184 968 457 1209">
     <span class='ocr_line' id='line_1_11' title="bbox 228 968 449 1008; baseline -0.018 -10"><span class='ocrx_word' id='word_1_20' title='bbox 228 968 361 1008; x_wconf 58' lang='lat' dir='ltr'>position</span> <span class='ocrx_word' id='word_1_21' title='bbox 383 970 412 995; x_wconf 86' lang='lat' dir='ltr'>iu</span> <span class='ocrx_word' id='word_1_22' title='bbox 444 1003 449 1006; x_wconf 19' lang='grc' dir='ltr'><strong>Ἰ</strong></span> 
     </span>
     <span class='ocr_line' id='line_1_12' title="bbox 195 1006 445 1039; baseline -0.024 -5"><span class='ocrx_word' id='word_1_23' title='bbox 195 1015 285 1034; x_wconf 78' lang='lat' dir='ltr'>everv</span> <span class='ocrx_word' id='word_1_24' title='bbox 308 1008 394 1039; x_wconf 77' lang='lat' dir='ltr'>point</span> <span class='ocrx_word' id='word_1_25' title='bbox 414 1006 445 1029; x_wconf 79' lang='lat' dir='ltr'>ot</span> 
     </span>
     <span class='ocr_line' id='line_1_13' title="bbox 210 1038 431 1069; baseline -0.023 0"><span class='ocrx_word' id='word_1_26' title='bbox 210 1038 368 1069; x_wconf 67' lang='lat' dir='ltr'>tlleHost.</span> <span class='ocrx_word' id='word_1_27' title='bbox 391 1038 431 1066; x_wconf 87' lang='lat' dir='ltr'>So</span> 
     </span>
     <span class='ocr_line' id='line_1_14' title="bbox 184 1073 457 1105; baseline -0.022 0"><span class='ocrx_word' id='word_1_28' title='bbox 184 1076 316 1105; x_wconf 76' lang='lat' dir='ltr'>Cllrist&#39;s</span> <span class='ocrx_word' id='word_1_29' title='bbox 339 1073 413 1101; x_wconf 73' lang='lat' dir='ltr'>head</span> <span class='ocrx_word' id='word_1_30' title='bbox 432 1073 457 1100; x_wconf 84' lang='lat' dir='ltr'>is</span> 
     </span>
     <span class='ocr_line' id='line_1_15' title="bbox 193 1108 448 1142; baseline -0.02 -2"><span class='ocrx_word' id='word_1_31' title='bbox 193 1113 290 1140; x_wconf 72' lang='lat' dir='ltr'>below</span> <span class='ocrx_word' id='word_1_32' title='bbox 313 1110 358 1137; x_wconf 85' lang='lat' dir='ltr'>his</span> <span class='ocrx_word' id='word_1_33' title='bbox 379 1108 448 1142; x_wconf 74' lang='lat' dir='ltr'>feet,</span> 
     </span>
     <span class='ocr_line' id='line_1_16' title="bbox 206 1145 440 1174; baseline -0.021 0"><span class='ocrx_word' id='word_1_34' title='bbox 206 1148 263 1174; x_wconf 86' lang='lat' dir='ltr'>aud</span> <span class='ocrx_word' id='word_1_35' title='bbox 286 1147 333 1173; x_wconf 83' lang='lat' dir='ltr'>his</span> <span class='ocrx_word' id='word_1_36' title='bbox 356 1145 440 1171; x_wconf 76' lang='lat' dir='ltr'>beart</span> 
     </span>
     <span class='ocr_line' id='line_1_17' title="bbox 217 1179 419 1209; baseline -0.02 0"><span class='ocrx_word' id='word_1_37' title='bbox 217 1181 340 1209; x_wconf 73' lang='lat' dir='ltr'>outside</span> <span class='ocrx_word' id='word_1_38' title='bbox 362 1179 419 1206; x_wconf 78' lang='lat' dir='ltr'>aud</span> 
     </span>
    </p>

    <p class='ocr_par' dir='ltr' id='par_1_4' title="bbox 181 1216 454 1250">
     <span class='ocr_line' id='line_1_18' title="bbox 181 1216 454 1250; baseline -0.015 -6"><span class='ocrx_word' id='word_1_39' title='bbox 181 1217 247 1244; x_wconf 83' lang='lat' dir='ltr'>skiu</span> <span class='ocrx_word' id='word_1_40' title='bbox 267 1216 376 1250; x_wconf 70' lang='lat' dir='ltr'>inside,</span> <span class='ocrx_word' id='word_1_41' title='bbox 399 1219 454 1241; x_wconf 79' lang='lat' dir='ltr'>etc.</span> 
     </span>
    </p>
   </div>
   <div class='ocr_carea' id='block_1_3' title="bbox 189 1680 458 1988">
    <p class='ocr_par' dir='ltr' id='par_1_5' title="bbox 189 1680 458 1988">
     <span class='ocr_line' id='line_1_19' title="bbox 195 1680 442 1716; baseline -0.012 -7"><span class='ocrx_word' id='word_1_42' title='bbox 195 1681 303 1716; x_wconf 76' lang='lat' dir='ltr'>Proof.</span> <span class='ocrx_word' id='word_1_43' title='bbox 326 1681 370 1707; x_wconf 82' lang='lat' dir='ltr'>As</span> <span class='ocrx_word' id='word_1_44' title='bbox 392 1680 442 1706; x_wconf 73' lang='lat' dir='ltr'>tlie</span> 
     </span>
     <span class='ocr_line' id='line_1_20' title="bbox 192 1714 449 1744; baseline -0.016 0"><span class='ocrx_word' id='word_1_45' title='bbox 192 1717 257 1744; x_wconf 85' lang='lat' dir='ltr'>soul</span> <span class='ocrx_word' id='word_1_46' title='bbox 281 1716 314 1743; x_wconf 80' lang='lat' dir='ltr'>of</span> <span class='ocrx_word' id='word_1_47' title='bbox 332 1723 402 1742; x_wconf 77' lang='lat' dir='ltr'>man</span> <span class='ocrx_word' id='word_1_48' title='bbox 424 1714 449 1740; x_wconf 86' lang='lat' dir='ltr'>is</span> 
     </span>
     <span class='ocr_line' id='line_1_21' title="bbox 189 1749 458 1784; baseline -0.015 -5"><span class='ocrx_word' id='word_1_49' title='bbox 189 1753 285 1779; x_wconf 84' lang='lat' dir='ltr'>above</span> <span class='ocrx_word' id='word_1_50' title='bbox 307 1751 354 1778; x_wconf 78' lang='lat' dir='ltr'>his</span> <span class='ocrx_word' id='word_1_51' title='bbox 378 1749 458 1784; x_wconf 81' lang='lat' dir='ltr'>body</span> 
     </span>
     <span class='ocr_line' id='line_1_22' title="bbox 200 1784 440 1823; baseline -0.017 -9"><span class='ocrx_word' id='word_1_52' title='bbox 200 1788 238 1823; x_wconf 87' lang='lat' dir='ltr'>by</span> <span class='ocrx_word' id='word_1_53' title='bbox 259 1787 297 1813; x_wconf 83' lang='lat' dir='ltr'>its</span> <span class='ocrx_word' id='word_1_54' title='bbox 318 1793 386 1820; x_wconf 79' lang='lat' dir='ltr'>way</span> <span class='ocrx_word' id='word_1_55' title='bbox 407 1784 440 1811; x_wconf 87' lang='lat' dir='ltr'>of</span> 
     </span>
     <span class='ocr_line' id='line_1_23' title="bbox 241 1825 403 1849; baseline -0.019 -1"><span class='ocrx_word' id='word_1_56' title='bbox 241 1825 403 1849; x_wconf 81' lang='lat' dir='ltr'>existence,</span> 
     </span>
     <span class='ocr_line' id='line_1_24' title="bbox 196 1855 444 1888; baseline -0.02 -4"><span class='ocrx_word' id='word_1_57' title='bbox 196 1856 327 1883; x_wconf 74' lang='lat' dir='ltr'>Christ&#39;s</span> <span class='ocrx_word' id='word_1_58' title='bbox 349 1855 444 1888; x_wconf 55' lang='lat' dir='ltr'>body,</span> 
     </span>
     <span class='ocr_line' id='line_1_25' title="bbox 196 1889 448 1927; baseline -0.016 -9"><span class='ocrx_word' id='word_1_59' title='bbox 196 1891 326 1925; x_wconf 72' lang='lat' dir='ltr'>existiug</span> <span class='ocrx_word' id='word_1_60' title='bbox 347 1890 376 1916; x_wconf 89' lang='lat' dir='ltr'>iu</span> <span class='ocrx_word' id='word_1_61' title='bbox 399 1889 448 1927; x_wconf 81' lang='lat' dir='ltr'>tlie</span> 
     </span>
     <span class='ocr_line' id='line_1_26' title="bbox 208 1932 437 1959; baseline -0.013 -6"><span class='ocrx_word' id='word_1_62' title='bbox 208 1934 291 1953; x_wconf 80' lang='lat' dir='ltr'>same</span> <span class='ocrx_word' id='word_1_63' title='bbox 312 1933 389 1959; x_wconf 68' lang='lat' dir='ltr'>way.</span> <span class='ocrx_word' id='word_1_64' title='bbox 412 1932 437 1950; x_wconf 83' lang='lat' dir='ltr'>is</span> 
     </span>
     <span class='ocr_line' id='line_1_27' title="bbox 214 1958 421 1988; baseline -0.014 -1"><span class='ocrx_word' id='word_1_65' title='bbox 214 1961 310 1988; x_wconf 74' lang='lat' dir='ltr'>above</span> <span class='ocrx_word' id='word_1_66' title='bbox 331 1958 421 1986; x_wconf 76' lang='lat' dir='ltr'>itself.</span> 
     </span>
    </p>
   </div>
   <div class='ocr_carea' id='block_1_4' title="bbox 182 2028 457 2265">
    <p class='ocr_par' dir='ltr' id='par_1_6' title="bbox 182 2028 457 2265">
     <span class='ocr_line' id='line_1_28' title="bbox 188 2028 451 2057; baseline -0.015 0"><span class='ocrx_word' id='word_1_67' title='bbox 188 2029 282 2057; x_wconf 61' lang='lat' dir='ltr'>NVere</span> <span class='ocrx_word' id='word_1_68' title='bbox 302 2029 351 2056; x_wconf 84' lang='lat' dir='ltr'>the</span> <span class='ocrx_word' id='word_1_69' title='bbox 373 2028 451 2055; x_wconf 86' lang='lat' dir='ltr'>Host</span> 
     </span>
     <span class='ocr_line' id='line_1_29' title="bbox 191 2064 450 2092; baseline -0.012 0"><span class='ocrx_word' id='word_1_70' title='bbox 191 2065 305 2092; x_wconf 83' lang='lat' dir='ltr'>broken</span> <span class='ocrx_word' id='word_1_71' title='bbox 328 2064 391 2090; x_wconf 78' lang='lat' dir='ltr'>into</span> <span class='ocrx_word' id='word_1_72' title='bbox 414 2071 450 2089; x_wconf 89' lang='lat' dir='ltr'>au</span> 
     </span>
     <span class='ocr_line' id='line_1_30' title="bbox 203 2098 438 2135; baseline -0.013 -8"><span class='ocrx_word' id='word_1_73' title='bbox 203 2107 300 2135; x_wconf 81' lang='lat' dir='ltr'>upper</span> <span class='ocrx_word' id='word_1_74' title='bbox 321 2098 379 2125; x_wconf 81' lang='lat' dir='ltr'>aud</span> <span class='ocrx_word' id='word_1_75' title='bbox 402 2105 438 2124; x_wconf 83' lang='lat' dir='ltr'>au</span> 
     </span>
     <span class='ocr_line' id='line_1_31' title="bbox 216 2134 414 2167; baseline -0.01 -6"><span class='ocrx_word' id='word_1_76' title='bbox 216 2134 315 2161; x_wconf 85' lang='lat' dir='ltr'>under</span> <span class='ocrx_word' id='word_1_77' title='bbox 337 2137 414 2167; x_wconf 74' lang='lat' dir='ltr'>part,</span> 
     </span>
     <span class='ocr_line' id='line_1_32' title="bbox 201 2167 438 2202; baseline -0.017 -5"><span class='ocrx_word' id='word_1_78' title='bbox 201 2168 334 2197; x_wconf 82' lang='lat' dir='ltr'>Christ&#39;s</span> <span class='ocrx_word' id='word_1_79' title='bbox 356 2167 438 2202; x_wconf 85' lang='lat' dir='ltr'>body</span> 
     </span>
     <span class='ocr_line' id='line_1_33' title="bbox 182 2203 457 2230; baseline -0.004 0"><span class='ocrx_word' id='word_1_80' title='bbox 182 2204 284 2230; x_wconf 72' lang='lat' dir='ltr'>would</span> <span class='ocrx_word' id='word_1_81' title='bbox 307 2203 342 2230; x_wconf 78' lang='lat' dir='ltr'>be</span> <span class='ocrx_word' id='word_1_82' title='bbox 361 2203 457 2229; x_wconf 80' lang='lat' dir='ltr'>above</span> 
     </span>
     <span class='ocr_line' id='line_1_34' title="bbox 226 2238 415 2265; baseline -0.016 0"><span class='ocrx_word' id='word_1_83' title='bbox 226 2238 284 2265; x_wconf 85' lang='lat' dir='ltr'>aud</span> <span class='ocrx_word' id='word_1_84' title='bbox 307 2238 415 2264; x_wconf 82' lang='lat' dir='ltr'>below.</span> 
     </span>
    </p>
   </div>
   <div class='ocr_carea' id='block_1_5' title="bbox 196 2318 442 2525">
    <p class='ocr_par' dir='ltr' id='par_1_7' title="bbox 196 2318 442 2489">
     <span class='ocr_line' id='line_1_35' title="bbox 245 2318 398 2347; baseline -0.02 0"><span class='ocrx_word' id='word_1_85' title='bbox 245 2318 398 2347; x_wconf 54' lang='lat' dir='ltr'>XVhether</span> 
     </span>
     <span class='ocr_line' id='line_1_36' title="bbox 202 2352 442 2390; baseline -0.017 -8"><span class='ocrx_word' id='word_1_86' title='bbox 202 2353 334 2382; x_wconf 75' lang='lat' dir='ltr'>Christ&#39;s</span> <span class='ocrx_word' id='word_1_87' title='bbox 356 2352 442 2390; x_wconf 79' lang='lat' dir='ltr'>Body</span> 
     </span>
     <span class='ocr_line' id='line_1_37' title="bbox 196 2388 441 2416; baseline -0.012 0"><span class='ocrx_word' id='word_1_88' title='bbox 196 2389 226 2416; x_wconf 89' lang='lat' dir='ltr'>in</span> <span class='ocrx_word' id='word_1_89' title='bbox 247 2389 296 2416; x_wconf 88' lang='lat' dir='ltr'>the</span> <span class='ocrx_word' id='word_1_90' title='bbox 319 2388 396 2415; x_wconf 83' lang='lat' dir='ltr'>Host</span> <span class='ocrx_word' id='word_1_91' title='bbox 416 2395 441 2413; x_wconf 83' lang='lat' dir='ltr'>ls</span> 
     </span>
     <span class='ocr_line' id='line_1_38' title="bbox 209 2423 431 2450; baseline -0.009 0"><span class='ocrx_word' id='word_1_92' title='bbox 209 2432 225 2450; x_wconf 89' lang='lat' dir='ltr'>a</span> <span class='ocrx_word' id='word_1_93' title='bbox 246 2423 431 2450; x_wconf 85' lang='lat' dir='ltr'>contiuuous</span> 
     </span>
     <span class='ocr_line' id='line_1_39' title="bbox 209 2458 441 2489; baseline -0.004 -5"><span class='ocrx_word' id='word_1_94' title='bbox 209 2458 320 2489; x_wconf 74' lang='lat' dir='ltr'>whole.</span> <span class='ocrx_word' id='word_1_95' title='bbox 343 2465 441 2483; x_wconf 78' lang='lat' dir='ltr'>seems</span> 
     </span>
    </p>

    <p class='ocr_par' dir='ltr' id='par_1_8' title="bbox 245 2492 403 2525">
     <span class='ocr_line' id='line_1_40' title="bbox 245 2492 403 2525; baseline -0.006 -6"><span class='ocrx_word' id='word_1_96' title='bbox 245 2492 403 2525; x_wconf 72' lang='lat' dir='ltr'>doubtt&#39;ul;</span> 
     </span>
    </p>
   </div>
   <div class='ocr_carea' id='block_1_6' title="bbox 918 221 1795 255">
    <p class='ocr_par' dir='ltr' id='par_1_9' title="bbox 918 221 1795 255">
     <span class='ocr_line' id='line_1_41' title="bbox 918 221 1795 255; baseline -0.01 0"><span class='ocrx_word' id='word_1_97' title='bbox 918 224 1142 255; x_wconf 74' lang='lat' dir='ltr'>JOHANNIS</span> <span class='ocrx_word' id='word_1_98' title='bbox 1170 224 1355 254; x_wconf 67' lang='lat' dir='ltr'>WYCMF</span> <span class='ocrx_word' id='word_1_99' title='bbox 1647 221 1736 248; x_wconf 56' lang='lat' dir='ltr'>CAl&#39;.</span> <span class='ocrx_word' id='word_1_100' title='bbox 1761 221 1795 247; x_wconf 80' lang='grc' dir='ltr'>ΙΙ.</span> 
     </span>
    </p>
   </div>
   <div class='ocr_carea' id='block_1_7' title="bbox 470 329 1791 2466">
    <p class='ocr_par' dir='ltr' id='par_1_10' title="bbox 472 329 1788 841">
     <span class='ocr_line' id='line_1_42' title="bbox 474 329 1784 378; baseline -0.001 -12"><span class='ocrx_word' id='word_1_101' title='bbox 474 330 763 367; x_wconf 77' lang='lat' dir='ltr'>honorabiliter</span> <span class='ocrx_word' id='word_1_102' title='bbox 797 330 964 366; x_wconf 85' lang='lat' dir='ltr'>omnino</span> <span class='ocrx_word' id='word_1_103' title='bbox 989 329 1235 378; x_wconf 88' lang='lat' dir='ltr'>oppositum.</span> <span class='ocrx_word' id='word_1_104' title='bbox 1269 331 1443 365; x_wconf 85' lang='lat' dir='ltr'>Tantum</span> <span class='ocrx_word' id='word_1_105' title='bbox 1471 343 1564 377; x_wconf 80' lang='lat' dir='ltr'>ergo</span> <span class='ocrx_word' id='word_1_106' title='bbox 1590 331 1784 366; x_wconf 76' lang='lat' dir='ltr'>honorem</span> 
     </span>
     <span class='ocr_line' id='line_1_43' title="bbox 473 387 1787 435; baseline -0.001 -11"><span class='ocrx_word' id='word_1_107' title='bbox 473 388 688 425; x_wconf 76' lang='lat' dir='ltr'>tribuimus</span> <span class='ocrx_word' id='word_1_108' title='bbox 722 388 936 424; x_wconf 79' lang='lat' dir='ltr'>eukaristie</span> <span class='ocrx_word' id='word_1_109' title='bbox 975 397 1017 424; x_wconf 86' lang='lat' dir='ltr'>ut</span> <span class='ocrx_word' id='word_1_110' title='bbox 1055 387 1130 435; x_wconf 89' lang='lat' dir='ltr'>ipsi</span> <span class='ocrx_word' id='word_1_111' title='bbox 1170 387 1395 424; x_wconf 86' lang='lat' dir='ltr'>attribuunt</span> <span class='ocrx_word' id='word_1_112' title='bbox 1435 387 1715 435; x_wconf 66' lang='lat' dir='ltr'>quovismodo,</span> <span class='ocrx_word' id='word_1_113' title='bbox 1751 396 1787 423; x_wconf 89' lang='lat' dir='ltr'>et</span> 
     </span>
     <span class='ocr_line' id='line_1_44' title="bbox 474 445 1786 492; baseline -0.002 -10"><span class='ocrx_word' id='word_1_114' title='bbox 474 446 674 482; x_wconf 84' lang='lat' dir='ltr'>infinitum</span> <span class='ocrx_word' id='word_1_115' title='bbox 716 446 909 482; x_wconf 84' lang='lat' dir='ltr'>maiorem</span> <span class='ocrx_word' id='word_1_116' title='bbox 944 445 1252 482; x_wconf 78' lang='lat' dir='ltr'>inferioritatem</span> <span class='ocrx_word' id='word_1_117' title='bbox 1286 446 1347 481; x_wconf 88' lang='lat' dir='ltr'>vel</span> <span class='ocrx_word' id='word_1_118' title='bbox 1387 446 1560 481; x_wconf 82' lang='lat' dir='ltr'>dedecus</span> <span class='ocrx_word' id='word_1_119' title='bbox 1604 445 1679 492; x_wconf 86' lang='lat' dir='ltr'>ipsi</span> <span class='ocrx_word' id='word_1_120' title='bbox 1713 445 1786 481; x_wconf 88' lang='lat' dir='ltr'>sibi</span> 
     </span>
     <span class='ocr_line' id='line_1_45' title="bbox 474 503 1787 552; baseline -0.002 -12"><span class='ocrx_word' id='word_1_121' title='bbox 474 504 699 540; x_wconf 87' lang='lat' dir='ltr'>attribuunt</span> <span class='ocrx_word' id='word_1_122' title='bbox 732 517 853 552; x_wconf 87' lang='lat' dir='ltr'>quam</span> <span class='ocrx_word' id='word_1_123' title='bbox 889 504 1025 539; x_wconf 85' lang='lat' dir='ltr'>fideles</span> <span class='ocrx_word' id='word_1_124' title='bbox 1059 516 1159 551; x_wconf 90' lang='lat' dir='ltr'>quos</span> <span class='ocrx_word' id='word_1_125' title='bbox 1192 511 1337 539; x_wconf 85' lang='lat' dir='ltr'>vocant</span> <span class='ocrx_word' id='word_1_126' title='bbox 1380 503 1588 539; x_wconf 90' lang='lat' dir='ltr'>hereticos.</span> <span class='ocrx_word' id='word_1_127' title='bbox 1636 503 1787 539; x_wconf 87' lang='lat' dir='ltr'>Iudicet</span> 
     </span>
     <span class='ocr_line' id='line_1_46' title="bbox 474 560 1787 609; baseline -0.002 -11"><span class='ocrx_word' id='word_1_128' title='bbox 474 575 567 609; x_wconf 79' lang='lat' dir='ltr'>ergo</span> <span class='ocrx_word' id='word_1_129' title='bbox 607 562 780 609; x_wconf 87' lang='lat' dir='ltr'>populus</span> <span class='ocrx_word' id='word_1_130' title='bbox 820 561 996 597; x_wconf 87' lang='lat' dir='ltr'>naturali</span> <span class='ocrx_word' id='word_1_131' title='bbox 1030 561 1190 609; x_wconf 77' lang='lat' dir='ltr'>ingenio</span> <span class='ocrx_word' id='word_1_132' title='bbox 1236 561 1339 596; x_wconf 86' lang='lat' dir='ltr'>inter</span> <span class='ocrx_word' id='word_1_133' title='bbox 1371 560 1472 596; x_wconf 91' lang='lat' dir='ltr'>illos.</span> <span class='ocrx_word' id='word_1_134' title='bbox 1520 563 1683 602; x_wconf 76' lang='lat' dir='ltr'>Revera.</span> <span class='ocrx_word' id='word_1_135' title='bbox 1725 573 1787 596; x_wconf 85' lang='lat' dir='ltr'>me</span> 
     </span>
     <span class='ocr_line' id='line_1_47' title="bbox 472 618 1788 666; baseline -0.002 -11"><span class='ocrx_word' id='word_1_136' title='bbox 472 620 697 656; x_wconf 79' lang='lat' dir='ltr'>seminante</span> <span class='ocrx_word' id='word_1_137' title='bbox 736 620 813 655; x_wconf 89' lang='lat' dir='ltr'>tale</span> <span class='ocrx_word' id='word_1_138' title='bbox 853 621 999 666; x_wconf 80' lang='lat' dir='ltr'>dogma</span> <span class='ocrx_word' id='word_1_139' title='bbox 1032 619 1071 654; x_wconf 90' lang='lat' dir='ltr'>in</span> <span class='ocrx_word' id='word_1_140' title='bbox 1114 619 1279 666; x_wconf 87' lang='lat' dir='ltr'>populo,</span> <span class='ocrx_word' id='word_1_141' title='bbox 1320 618 1395 666; x_wconf 84' lang='lat' dir='ltr'>ipsi</span> <span class='ocrx_word' id='word_1_142' title='bbox 1436 618 1692 654; x_wconf 86' lang='lat' dir='ltr'>diffamarent</span> <span class='ocrx_word' id='word_1_143' title='bbox 1726 631 1788 654; x_wconf 89' lang='lat' dir='ltr'>me</span> 
     </span>
     <span class='ocr_line' id='line_1_48' title="bbox 472 676 1787 725; baseline -0.002 -12"><span class='ocrx_word' id='word_1_144' title='bbox 472 677 649 725; x_wconf 89' lang='lat' dir='ltr'>undique</span> <span class='ocrx_word' id='word_1_145' title='bbox 683 686 889 725; x_wconf 88' lang='lat' dir='ltr'>tamquam</span> <span class='ocrx_word' id='word_1_146' title='bbox 915 677 1136 713; x_wconf 90' lang='lat' dir='ltr'>hereticum</span> <span class='ocrx_word' id='word_1_147' title='bbox 1171 677 1473 712; x_wconf 84' lang='lat' dir='ltr'>destruendum.</span> <span class='ocrx_word' id='word_1_148' title='bbox 1507 678 1555 711; x_wconf 81' lang='lat' dir='ltr'>Et</span> <span class='ocrx_word' id='word_1_149' title='bbox 1589 689 1677 712; x_wconf 87' lang='lat' dir='ltr'>cum</span> <span class='ocrx_word' id='word_1_150' title='bbox 1713 676 1787 724; x_wconf 85' lang='lat' dir='ltr'>ipsi</span> 
     </span>
     <span class='ocr_line' id='line_1_49' title="bbox 473 734 1788 782; baseline -0.001 -12"><span class='ocrx_word' id='word_1_151' title='bbox 473 735 512 771; x_wconf 89' lang='lat' dir='ltr'>in</span> <span class='ocrx_word' id='word_1_152' title='bbox 552 735 695 771; x_wconf 84' lang='lat' dir='ltr'>maiori</span> <span class='ocrx_word' id='word_1_153' title='bbox 735 734 1031 782; x_wconf 84' lang='lat' dir='ltr'>dampnacione</span> <span class='ocrx_word' id='word_1_154' title='bbox 1070 734 1331 782; x_wconf 80' lang='lat' dir='ltr'>pertinaciter</span> <span class='ocrx_word' id='word_1_155' title='bbox 1370 743 1637 781; x_wconf 80' lang='lat' dir='ltr'>perseverent,</span> <span class='ocrx_word' id='word_1_156' title='bbox 1680 743 1788 781; x_wconf 88' lang='lat' dir='ltr'>patet</span> 
     </span>
     <span class='ocr_line' id='line_1_50' title="bbox 473 792 1209 841; baseline 0 -12"><span class='ocrx_word' id='word_1_157' title='bbox 473 806 594 841; x_wconf 84' lang='lat' dir='ltr'>quam</span> <span class='ocrx_word' id='word_1_158' title='bbox 628 793 764 840; x_wconf 84' lang='lat' dir='ltr'>patule</span> <span class='ocrx_word' id='word_1_159' title='bbox 797 792 960 828; x_wconf 86' lang='lat' dir='ltr'>obviant</span> <span class='ocrx_word' id='word_1_160' title='bbox 992 792 1066 828; x_wconf 89' lang='lat' dir='ltr'>sibi</span> <span class='ocrx_word' id='word_1_161' title='bbox 1099 792 1209 839; x_wconf 87' lang='lat' dir='ltr'>ipsis.</span> 
     </span>
    </p>

    <p class='ocr_par' dir='ltr' id='par_1_11' title="bbox 470 848 1791 2466">
     <span class='ocr_line' id='line_1_51' title="bbox 531 848 1789 898; baseline -0.002 -12"><span class='ocrx_word' id='word_1_162' title='bbox 531 852 731 895; x_wconf 85' lang='lat' dir='ltr'>Secundo,</span> <span class='ocrx_word' id='word_1_163' title='bbox 784 850 921 886; x_wconf 86' lang='lat' dir='ltr'>dicunt</span> <span class='ocrx_word' id='word_1_164' title='bbox 966 851 1075 898; x_wconf 88' lang='lat' dir='ltr'>quod</span> <span class='ocrx_word' id='word_1_165' title='bbox 1119 849 1273 897; x_wconf 85' lang='lat' dir='ltr'>posicio</span> <span class='ocrx_word' id='word_1_166' title='bbox 1318 853 1410 898; x_wconf 82' lang='lat' dir='ltr'>(que</span> <span class='ocrx_word' id='word_1_167' title='bbox 1456 857 1513 884; x_wconf 86' lang='lat' dir='ltr'>est</span> <span class='ocrx_word' id='word_1_168' title='bbox 1558 848 1789 885; x_wconf 87' lang='lat' dir='ltr'>differencia</span> 
     </span>
     <span class='ocr_line' id='line_1_52' title="bbox 473 907 1791 957; baseline -0.002 -12"><span class='ocrx_word' id='word_1_169' title='bbox 473 908 725 957; x_wconf 80' lang='lat' dir='ltr'>quantitatis)</span> <span class='ocrx_word' id='word_1_170' title='bbox 750 917 806 944; x_wconf 83' lang='lat' dir='ltr'>est</span> <span class='ocrx_word' id='word_1_171' title='bbox 830 909 879 944; x_wconf 88' lang='lat' dir='ltr'>ad</span> <span class='ocrx_word' id='word_1_172' title='bbox 905 921 1066 944; x_wconf 89' lang='lat' dir='ltr'>omnem</span> <span class='ocrx_word' id='word_1_173' title='bbox 1092 916 1284 956; x_wconf 88' lang='lat' dir='ltr'>punctum</span> <span class='ocrx_word' id='word_1_174' title='bbox 1310 907 1439 944; x_wconf 84' lang='lat' dir='ltr'>hostie</span> <span class='ocrx_word' id='word_1_175' title='bbox 1470 907 1791 943; x_wconf 88' lang='lat' dir='ltr'>concomitanter</span> 
     </span>
     <span class='ocr_line' id='line_1_53' title="bbox 474 964 1790 1014; baseline -0.002 -12"><span class='ocrx_word' id='word_1_176' title='bbox 474 980 564 1003; x_wconf 90' lang='lat' dir='ltr'>cum</span> <span class='ocrx_word' id='word_1_177' title='bbox 598 979 768 1014; x_wconf 86' lang='lat' dir='ltr'>corpore</span> <span class='ocrx_word' id='word_1_178' title='bbox 802 966 942 1013; x_wconf 76' lang='lat' dir='ltr'>Cristi3</span> <span class='ocrx_word' id='word_1_179' title='bbox 988 966 1081 1014; x_wconf 89' lang='lat' dir='ltr'>quia</span> <span class='ocrx_word' id='word_1_180' title='bbox 1120 965 1236 1002; x_wconf 87' lang='lat' dir='ltr'>aliter</span> <span class='ocrx_word' id='word_1_181' title='bbox 1274 965 1411 1002; x_wconf 87' lang='lat' dir='ltr'>omnia</span> <span class='ocrx_word' id='word_1_182' title='bbox 1451 966 1632 1001; x_wconf 86' lang='lat' dir='ltr'>membra</span> <span class='ocrx_word' id='word_1_183' title='bbox 1672 964 1790 1000; x_wconf 87' lang='lat' dir='ltr'>Cristi</span> 
     </span>
     <span class='ocr_line' id='line_1_54' title="bbox 473 1022 1790 1071; baseline -0.002 -10"><span class='ocrx_word' id='word_1_184' title='bbox 473 1025 602 1061; x_wconf 88' lang='lat' dir='ltr'>forent</span> <span class='ocrx_word' id='word_1_185' title='bbox 636 1024 799 1061; x_wconf 84' lang='lat' dir='ltr'>confuse</span> <span class='ocrx_word' id='word_1_186' title='bbox 832 1024 916 1060; x_wconf 85' lang='lat' dir='ltr'>sine</span> <span class='ocrx_word' id='word_1_187' title='bbox 948 1024 1089 1060; x_wconf 86' lang='lat' dir='ltr'>ordine</span> <span class='ocrx_word' id='word_1_188' title='bbox 1122 1025 1266 1061; x_wconf 87' lang='lat' dir='ltr'>locata.</span> <span class='ocrx_word' id='word_1_189' title='bbox 1302 1025 1350 1059; x_wconf 85' lang='lat' dir='ltr'>Et</span> <span class='ocrx_word' id='word_1_190' title='bbox 1383 1023 1439 1059; x_wconf 89' lang='lat' dir='ltr'>sic</span> <span class='ocrx_word' id='word_1_191' title='bbox 1473 1022 1659 1071; x_wconf 84' lang='lat' dir='ltr'>inquiunt</span> <span class='ocrx_word' id='word_1_192' title='bbox 1683 1024 1790 1071; x_wconf 91' lang='lat' dir='ltr'>quod</span> 
     </span>
     <span class='ocr_line' id='line_1_55' title="bbox 473 1080 1790 1131; baseline -0.002 -13"><span class='ocrx_word' id='word_1_193' title='bbox 473 1083 612 1119; x_wconf 83' lang='lat' dir='ltr'>infima</span> <span class='ocrx_word' id='word_1_194' title='bbox 644 1095 737 1131; x_wconf 84' lang='lat' dir='ltr'>pars</span> <span class='ocrx_word' id='word_1_195' title='bbox 771 1082 953 1130; x_wconf 87' lang='lat' dir='ltr'>corporis</span> <span class='ocrx_word' id='word_1_196' title='bbox 988 1082 1107 1118; x_wconf 87' lang='lat' dir='ltr'>Cristi</span> <span class='ocrx_word' id='word_1_197' title='bbox 1140 1082 1180 1118; x_wconf 91' lang='lat' dir='ltr'>in</span> <span class='ocrx_word' id='word_1_198' title='bbox 1215 1081 1346 1118; x_wconf 88' lang='lat' dir='ltr'>hostia</span> <span class='ocrx_word' id='word_1_199' title='bbox 1380 1090 1438 1117; x_wconf 89' lang='lat' dir='ltr'>est</span> <span class='ocrx_word' id='word_1_200' title='bbox 1461 1090 1592 1117; x_wconf 81' lang='lat' dir='ltr'>vertex</span> <span class='ocrx_word' id='word_1_201' title='bbox 1631 1080 1790 1129; x_wconf 76' lang='lat' dir='ltr'>capitis3</span> 
     </span>
     <span class='ocr_line' id='line_1_56' title="bbox 473 1139 1790 1189; baseline -0.002 -13"><span class='ocrx_word' id='word_1_202' title='bbox 473 1142 540 1177; x_wconf 86' lang='lat' dir='ltr'>sed</span> <span class='ocrx_word' id='word_1_203' title='bbox 575 1154 763 1189; x_wconf 81' lang='lat' dir='ltr'>suprema</span> <span class='ocrx_word' id='word_1_204' title='bbox 797 1154 887 1188; x_wconf 86' lang='lat' dir='ltr'>pars</span> <span class='ocrx_word' id='word_1_205' title='bbox 918 1140 1100 1188; x_wconf 84' lang='lat' dir='ltr'>corporis</span> <span class='ocrx_word' id='word_1_206' title='bbox 1125 1139 1244 1176; x_wconf 89' lang='lat' dir='ltr'>Cristi</span> <span class='ocrx_word' id='word_1_207' title='bbox 1268 1139 1308 1175; x_wconf 89' lang='lat' dir='ltr'>in</span> <span class='ocrx_word' id='word_1_208' title='bbox 1332 1139 1476 1185; x_wconf 84' lang='lat' dir='ltr'>hostia⁷</span> <span class='ocrx_word' id='word_1_209' title='bbox 1511 1152 1632 1186; x_wconf 89' lang='lat' dir='ltr'>supra</span> <span class='ocrx_word' id='word_1_210' title='bbox 1657 1147 1790 1186; x_wconf 74' lang='lat' dir='ltr'>caput,</span> 
     </span>
     <span class='ocr_line' id='line_1_57' title="bbox 471 1196 1791 1246; baseline -0.002 -12"><span class='ocrx_word' id='word_1_211' title='bbox 471 1208 562 1235; x_wconf 87' lang='lat' dir='ltr'>sunt</span> <span class='ocrx_word' id='word_1_212' title='bbox 608 1200 728 1246; x_wconf 84' lang='lat' dir='ltr'>pedes</span> <span class='ocrx_word' id='word_1_213' title='bbox 774 1198 998 1234; x_wconf 83' lang='lat' dir='ltr'>continuati</span> <span class='ocrx_word' id='word_1_214' title='bbox 1039 1211 1126 1234; x_wconf 87' lang='lat' dir='ltr'>cum</span> <span class='ocrx_word' id='word_1_215' title='bbox 1169 1197 1300 1246; x_wconf 79' lang='lat' dir='ltr'>tybiis.</span> <span class='ocrx_word' id='word_1_216' title='bbox 1345 1197 1490 1234; x_wconf 87' lang='lat' dir='ltr'>Intima</span> <span class='ocrx_word' id='word_1_217' title='bbox 1531 1196 1658 1233; x_wconf 88' lang='lat' dir='ltr'>eciam</span> <span class='ocrx_word' id='word_1_218' title='bbox 1700 1209 1791 1244; x_wconf 83' lang='lat' dir='ltr'>pars</span> 
     </span>
     <span class='ocr_line' id='line_1_58' title="bbox 472 1255 1789 1305; baseline -0.002 -12"><span class='ocrx_word' id='word_1_219' title='bbox 472 1256 653 1305; x_wconf 86' lang='lat' dir='ltr'>corporis</span> <span class='ocrx_word' id='word_1_220' title='bbox 699 1256 817 1292; x_wconf 86' lang='lat' dir='ltr'>Cristi</span> <span class='ocrx_word' id='word_1_221' title='bbox 862 1256 903 1292; x_wconf 89' lang='lat' dir='ltr'>in</span> <span class='ocrx_word' id='word_1_222' title='bbox 948 1256 1091 1302; x_wconf 82' lang='lat' dir='ltr'>hostia,</span> <span class='ocrx_word' id='word_1_223' title='bbox 1138 1265 1180 1291; x_wconf 88' lang='lat' dir='ltr'>ut</span> <span class='ocrx_word' id='word_1_224' title='bbox 1226 1256 1393 1303; x_wconf 78' lang='lat' dir='ltr'>fingunt,</span> <span class='ocrx_word' id='word_1_225' title='bbox 1446 1264 1503 1291; x_wconf 89' lang='lat' dir='ltr'>est</span> <span class='ocrx_word' id='word_1_226' title='bbox 1554 1255 1654 1291; x_wconf 88' lang='lat' dir='ltr'>cutis</span> <span class='ocrx_word' id='word_1_227' title='bbox 1701 1267 1789 1290; x_wconf 87' lang='lat' dir='ltr'>cum</span> 
     </span>
     <span class='ocr_line' id='line_1_59' title="bbox 470 1312 1781 1361; baseline -0.002 -10"><span class='ocrx_word' id='word_1_228' title='bbox 470 1315 625 1352; x_wconf 90' lang='lat' dir='ltr'>ossibus</span> <span class='ocrx_word' id='word_1_229' title='bbox 663 1316 752 1351; x_wconf 89' lang='lat' dir='ltr'>loco</span> <span class='ocrx_word' id='word_1_230' title='bbox 792 1314 936 1360; x_wconf 84' lang='lat' dir='ltr'>cordis,</span> <span class='ocrx_word' id='word_1_231' title='bbox 981 1315 1050 1350; x_wconf 87' lang='lat' dir='ltr'>sed</span> <span class='ocrx_word' id='word_1_232' title='bbox 1095 1323 1270 1350; x_wconf 85' lang='lat' dir='ltr'>extrema</span> <span class='ocrx_word' id='word_1_233' title='bbox 1313 1327 1406 1361; x_wconf 88' lang='lat' dir='ltr'>pars</span> <span class='ocrx_word' id='word_1_234' title='bbox 1444 1312 1624 1361; x_wconf 85' lang='lat' dir='ltr'>corporis</span> <span class='ocrx_word' id='word_1_235' title='bbox 1664 1312 1781 1349; x_wconf 86' lang='lat' dir='ltr'>Cristi</span> 
     </span>
     <span class='ocr_line' id='line_1_60' title="bbox 471 1371 1784 1420; baseline -0.002 -11"><span class='ocrx_word' id='word_1_236' title='bbox 471 1382 561 1409; x_wconf 88' lang='lat' dir='ltr'>sunt</span> <span class='ocrx_word' id='word_1_237' title='bbox 593 1373 746 1409; x_wconf 86' lang='lat' dir='ltr'>viscera</span> <span class='ocrx_word' id='word_1_238' title='bbox 780 1385 870 1409; x_wconf 91' lang='lat' dir='ltr'>cum</span> <span class='ocrx_word' id='word_1_239' title='bbox 904 1371 1130 1420; x_wconf 86' lang='lat' dir='ltr'>spiritibus;</span> <span class='ocrx_word' id='word_1_240' title='bbox 1165 1371 1220 1408; x_wconf 87' lang='lat' dir='ltr'>sic</span> <span class='ocrx_word' id='word_1_241' title='bbox 1254 1372 1363 1419; x_wconf 89' lang='lat' dir='ltr'>quod</span> <span class='ocrx_word' id='word_1_242' title='bbox 1395 1371 1471 1407; x_wconf 90' lang='lat' dir='ltr'>nisi</span> <span class='ocrx_word' id='word_1_243' title='bbox 1498 1372 1595 1407; x_wconf 88' lang='lat' dir='ltr'>deus</span> <span class='ocrx_word' id='word_1_244' title='bbox 1619 1383 1784 1419; x_wconf 88' lang='lat' dir='ltr'>suspen-</span> 
     </span>
     <span class='ocr_line' id='line_1_61' title="bbox 472 1428 1785 1477; baseline -0.002 -10"><span class='ocrx_word' id='word_1_245' title='bbox 472 1433 583 1468; x_wconf 89' lang='lat' dir='ltr'>deret</span> <span class='ocrx_word' id='word_1_246' title='bbox 621 1430 974 1467; x_wconf 86' lang='lat' dir='ltr'>continuacionem</span> <span class='ocrx_word' id='word_1_247' title='bbox 1016 1430 1213 1477; x_wconf 80' lang='lat' dir='ltr'>parcium,</span> <span class='ocrx_word' id='word_1_248' title='bbox 1252 1430 1354 1465; x_wconf 87' lang='lat' dir='ltr'>foret</span> <span class='ocrx_word' id='word_1_249' title='bbox 1394 1442 1538 1477; x_wconf 87' lang='lat' dir='ltr'>corpus</span> <span class='ocrx_word' id='word_1_250' title='bbox 1571 1428 1691 1465; x_wconf 85' lang='lat' dir='ltr'>Cristi</span> <span class='ocrx_word' id='word_1_251' title='bbox 1731 1428 1785 1464; x_wconf 89' lang='lat' dir='ltr'>ibi</span> 
     </span>
     <span class='ocr_line' id='line_1_62' title="bbox 473 1487 1785 1536; baseline -0.002 -11"><span class='ocrx_word' id='word_1_252' title='bbox 473 1489 905 1526; x_wconf 86' lang='lat' dir='ltr'>monstruosissimum.</span> <span class='ocrx_word' id='word_1_253' title='bbox 946 1489 1047 1524; x_wconf 91' lang='lat' dir='ltr'>Cum</span> <span class='ocrx_word' id='word_1_254' title='bbox 1088 1487 1192 1524; x_wconf 85' lang='lat' dir='ltr'>enim</span> <span class='ocrx_word' id='word_1_255' title='bbox 1233 1487 1286 1523; x_wconf 89' lang='lat' dir='ltr'>ibi</span> <span class='ocrx_word' id='word_1_256' title='bbox 1328 1487 1378 1523; x_wconf 91' lang='lat' dir='ltr'>sit</span> <span class='ocrx_word' id='word_1_257' title='bbox 1416 1487 1570 1536; x_wconf 89' lang='lat' dir='ltr'>posicio</span> <span class='ocrx_word' id='word_1_258' title='bbox 1603 1487 1785 1535; x_wconf 86' lang='lat' dir='ltr'>parcium</span> 
     </span>
     <span class='ocr_line' id='line_1_63' title="bbox 472 1545 1788 1596; baseline -0.002 -13"><span class='ocrx_word' id='word_1_259' title='bbox 472 1552 563 1596; x_wconf 82' lang='lat' dir='ltr'>(que</span> <span class='ocrx_word' id='word_1_260' title='bbox 596 1556 653 1583; x_wconf 89' lang='lat' dir='ltr'>est</span> <span class='ocrx_word' id='word_1_261' title='bbox 686 1546 919 1583; x_wconf 84' lang='lat' dir='ltr'>differencia</span> <span class='ocrx_word' id='word_1_262' title='bbox 952 1545 1220 1595; x_wconf 82' lang='lat' dir='ltr'>quantitatis),</span> <span class='ocrx_word' id='word_1_263' title='bbox 1254 1554 1414 1593; x_wconf 86' lang='lat' dir='ltr'>oportet</span> <span class='ocrx_word' id='word_1_264' title='bbox 1437 1545 1545 1593; x_wconf 92' lang='lat' dir='ltr'>ipsos</span> <span class='ocrx_word' id='word_1_265' title='bbox 1570 1546 1788 1581; x_wconf 87' lang='lat' dir='ltr'>concedere</span> 
     </span>
     <span class='ocr_line' id='line_1_64' title="bbox 473 1602 1789 1654; baseline -0.003 -12"><span class='ocrx_word' id='word_1_266' title='bbox 473 1614 593 1654; x_wconf 81' lang='lat' dir='ltr'>caput</span> <span class='ocrx_word' id='word_1_267' title='bbox 627 1605 747 1642; x_wconf 87' lang='lat' dir='ltr'>Cristi</span> <span class='ocrx_word' id='word_1_268' title='bbox 787 1617 871 1641; x_wconf 87' lang='lat' dir='ltr'>esse</span> <span class='ocrx_word' id='word_1_269' title='bbox 908 1604 963 1640; x_wconf 89' lang='lat' dir='ltr'>ibi</span> <span class='ocrx_word' id='word_1_270' title='bbox 996 1617 1117 1652; x_wconf 86' lang='lat' dir='ltr'>supra</span> <span class='ocrx_word' id='word_1_271' title='bbox 1151 1604 1313 1649; x_wconf 84' lang='lat' dir='ltr'>collum,</span> <span class='ocrx_word' id='word_1_272' title='bbox 1354 1603 1456 1639; x_wconf 88' lang='lat' dir='ltr'>sicut</span> <span class='ocrx_word' id='word_1_273' title='bbox 1491 1615 1636 1651; x_wconf 90' lang='lat' dir='ltr'>corpus</span> <span class='ocrx_word' id='word_1_274' title='bbox 1670 1602 1789 1639; x_wconf 89' lang='lat' dir='ltr'>Cristi</span> 
     </span>
     <span class='ocr_line' id='line_1_65' title="bbox 473 1660 1789 1710; baseline -0.002 -11"><span class='ocrx_word' id='word_1_275' title='bbox 473 1673 531 1700; x_wconf 88' lang='lat' dir='ltr'>est</span> <span class='ocrx_word' id='word_1_276' title='bbox 564 1664 604 1699; x_wconf 89' lang='lat' dir='ltr'>in</span> <span class='ocrx_word' id='word_1_277' title='bbox 638 1663 806 1699; x_wconf 86' lang='lat' dir='ltr'>ecclesia</span> <span class='ocrx_word' id='word_1_278' title='bbox 838 1664 910 1698; x_wconf 88' lang='lat' dir='ltr'>sub</span> <span class='ocrx_word' id='word_1_279' title='bbox 944 1662 1029 1699; x_wconf 90' lang='lat' dir='ltr'>celo</span> <span class='ocrx_word' id='word_1_280' title='bbox 1064 1671 1100 1699; x_wconf 85' lang='lat' dir='ltr'>et</span> <span class='ocrx_word' id='word_1_281' title='bbox 1123 1675 1245 1710; x_wconf 86' lang='lat' dir='ltr'>supra</span> <span class='ocrx_word' id='word_1_282' title='bbox 1273 1670 1435 1697; x_wconf 86' lang='lat' dir='ltr'>terram.</span> <span class='ocrx_word' id='word_1_283' title='bbox 1470 1663 1571 1698; x_wconf 89' lang='lat' dir='ltr'>Nam</span> <span class='ocrx_word' id='word_1_284' title='bbox 1597 1660 1789 1697; x_wconf 76' lang='lat' dir='ltr'>diffinitive</span> 
     </span>
     <span class='ocr_line' id='line_1_66' title="bbox 474 1718 1788 1768; baseline -0.003 -10"><span class='ocrx_word' id='word_1_285' title='bbox 474 1731 531 1758; x_wconf 87' lang='lat' dir='ltr'>est</span> <span class='ocrx_word' id='word_1_286' title='bbox 569 1722 608 1757; x_wconf 90' lang='lat' dir='ltr'>in</span> <span class='ocrx_word' id='word_1_287' title='bbox 646 1722 750 1768; x_wconf 80' lang='lat' dir='ltr'>loco,</span> <span class='ocrx_word' id='word_1_288' title='bbox 791 1721 894 1757; x_wconf 89' lang='lat' dir='ltr'>sicut</span> <span class='ocrx_word' id='word_1_289' title='bbox 934 1721 1055 1756; x_wconf 88' lang='lat' dir='ltr'>modo</span> <span class='ocrx_word' id='word_1_290' title='bbox 1096 1729 1152 1756; x_wconf 86' lang='lat' dir='ltr'>est</span> <span class='ocrx_word' id='word_1_291' title='bbox 1191 1719 1317 1755; x_wconf 88' lang='lat' dir='ltr'>deitas</span> <span class='ocrx_word' id='word_1_292' title='bbox 1357 1728 1393 1755; x_wconf 88' lang='lat' dir='ltr'>et</span> <span class='ocrx_word' id='word_1_293' title='bbox 1431 1719 1565 1755; x_wconf 85' lang='lat' dir='ltr'>anima</span> <span class='ocrx_word' id='word_1_294' title='bbox 1598 1718 1788 1755; x_wconf 89' lang='lat' dir='ltr'>hominis.</span> 
     </span>
     <span class='ocr_line' id='line_1_67' title="bbox 474 1777 1788 1827; baseline -0.003 -11"><span class='ocrx_word' id='word_1_295' title='bbox 474 1779 719 1817; x_wconf 86' lang='lat' dir='ltr'>Conceditur</span> <span class='ocrx_word' id='word_1_296' title='bbox 752 1791 835 1815; x_wconf 83' lang='lat' dir='ltr'>esse</span> <span class='ocrx_word' id='word_1_297' title='bbox 868 1791 990 1826; x_wconf 86' lang='lat' dir='ltr'>supra</span> <span class='ocrx_word' id='word_1_298' title='bbox 1023 1791 1076 1824; x_wconf 84' lang='lat' dir='ltr'>se,</span> <span class='ocrx_word' id='word_1_299' title='bbox 1112 1777 1205 1827; x_wconf 87' lang='lat' dir='ltr'>quia</span> <span class='ocrx_word' id='word_1_300' title='bbox 1238 1779 1461 1813; x_wconf 88' lang='lat' dir='ltr'>secundum</span> <span class='ocrx_word' id='word_1_301' title='bbox 1495 1790 1535 1813; x_wconf 89' lang='lat' dir='ltr'>se</span> <span class='ocrx_word' id='word_1_302' title='bbox 1567 1786 1694 1813; x_wconf 88' lang='lat' dir='ltr'>totam</span> <span class='ocrx_word' id='word_1_303' title='bbox 1729 1787 1788 1813; x_wconf 90' lang='lat' dir='ltr'>est</span> 
     </span>
     <span class='ocr_line' id='line_1_68' title="bbox 473 1835 1789 1886; baseline -0.002 -13"><span class='ocrx_word' id='word_1_304' title='bbox 473 1851 544 1886; x_wconf 89' lang='lat' dir='ltr'>per</span> <span class='ocrx_word' id='word_1_305' title='bbox 576 1838 693 1873; x_wconf 81' lang='lat' dir='ltr'>situm</span> <span class='ocrx_word' id='word_1_306' title='bbox 730 1850 851 1884; x_wconf 88' lang='lat' dir='ltr'>supra</span> <span class='ocrx_word' id='word_1_307' title='bbox 885 1849 1002 1885; x_wconf 90' lang='lat' dir='ltr'>quem</span> <span class='ocrx_word' id='word_1_308' title='bbox 1049 1845 1121 1881; x_wconf 76' lang='lat' dir='ltr'>est,</span> <span class='ocrx_word' id='word_1_309' title='bbox 1167 1836 1253 1883; x_wconf 84' lang='lat' dir='ltr'>ipsa</span> <span class='ocrx_word' id='word_1_310' title='bbox 1300 1835 1435 1871; x_wconf 87' lang='lat' dir='ltr'>anima</span> <span class='ocrx_word' id='word_1_311' title='bbox 1480 1836 1700 1872; x_wconf 90' lang='lat' dir='ltr'>secundum</span> <span class='ocrx_word' id='word_1_312' title='bbox 1750 1847 1789 1870; x_wconf 91' lang='lat' dir='ltr'>se</span> 
     </span>
     <span class='ocr_line' id='line_1_69' title="bbox 473 1892 1788 1943; baseline -0.003 -11"><span class='ocrx_word' id='word_1_313' title='bbox 473 1905 621 1932; x_wconf 89' lang='lat' dir='ltr'>totam:</span> <span class='ocrx_word' id='word_1_314' title='bbox 657 1896 765 1943; x_wconf 89' lang='lat' dir='ltr'>quod</span> <span class='ocrx_word' id='word_1_315' title='bbox 799 1903 857 1931; x_wconf 89' lang='lat' dir='ltr'>est</span> <span class='ocrx_word' id='word_1_316' title='bbox 890 1894 1119 1930; x_wconf 87' lang='lat' dir='ltr'>evidencius</span> <span class='ocrx_word' id='word_1_317' title='bbox 1153 1895 1200 1930; x_wconf 88' lang='lat' dir='ltr'>de</span> <span class='ocrx_word' id='word_1_318' title='bbox 1234 1906 1403 1941; x_wconf 88' lang='lat' dir='ltr'>corpore</span> <span class='ocrx_word' id='word_1_319' title='bbox 1428 1892 1547 1929; x_wconf 87' lang='lat' dir='ltr'>Cristi</span> <span class='ocrx_word' id='word_1_320' title='bbox 1580 1892 1621 1928; x_wconf 87' lang='lat' dir='ltr'>in</span> <span class='ocrx_word' id='word_1_321' title='bbox 1644 1892 1788 1936; x_wconf 76' lang='lat' dir='ltr'>hostia,</span> 
     </span>
     <span class='ocr_line' id='line_1_70' title="bbox 474 1950 1789 2001; baseline -0.003 -11"><span class='ocrx_word' id='word_1_322' title='bbox 474 1967 563 1990; x_wconf 87' lang='lat' dir='ltr'>cum</span> <span class='ocrx_word' id='word_1_323' title='bbox 616 1966 755 1990; x_wconf 89' lang='lat' dir='ltr'>omnes</span> <span class='ocrx_word' id='word_1_324' title='bbox 806 1961 939 2001; x_wconf 88' lang='lat' dir='ltr'>partes</span> <span class='ocrx_word' id='word_1_325' title='bbox 992 1952 1074 1988; x_wconf 89' lang='lat' dir='ltr'>eius</span> <span class='ocrx_word' id='word_1_326' title='bbox 1124 1953 1310 1988; x_wconf 86' lang='lat' dir='ltr'>locantur</span> <span class='ocrx_word' id='word_1_327' title='bbox 1353 1951 1409 1987; x_wconf 93' lang='lat' dir='ltr'>sic</span> <span class='ocrx_word' id='word_1_328' title='bbox 1459 1950 1623 1987; x_wconf 86' lang='lat' dir='ltr'>inferius</span> <span class='ocrx_word' id='word_1_329' title='bbox 1669 1960 1789 1998; x_wconf 89' lang='lat' dir='ltr'>atque</span> 
     </span>
     <span class='ocr_line' id='line_1_71' title="bbox 472 2008 1790 2060; baseline -0.002 -13"><span class='ocrx_word' id='word_1_330' title='bbox 472 2011 669 2060; x_wconf 81' lang='lat' dir='ltr'>superius,</span> <span class='ocrx_word' id='word_1_331' title='bbox 716 2014 819 2047; x_wconf 90' lang='lat' dir='ltr'>Nam</span> <span class='ocrx_word' id='word_1_332' title='bbox 853 2010 1162 2047; x_wconf 85' lang='lat' dir='ltr'>discontinuatis</span> <span class='ocrx_word' id='word_1_333' title='bbox 1196 2009 1377 2057; x_wconf 86' lang='lat' dir='ltr'>partibus</span> <span class='ocrx_word' id='word_1_334' title='bbox 1410 2009 1514 2045; x_wconf 89' lang='lat' dir='ltr'>illius</span> <span class='ocrx_word' id='word_1_335' title='bbox 1548 2008 1689 2053; x_wconf 84' lang='lat' dir='ltr'>hostie,</span> <span class='ocrx_word' id='word_1_336' title='bbox 1729 2009 1790 2044; x_wconf 88' lang='lat' dir='ltr'>vel</span> 
     </span>
     <span class='ocr_line' id='line_1_72' title="bbox 472 2066 1790 2116; baseline -0.003 -10"><span class='ocrx_word' id='word_1_337' title='bbox 472 2070 558 2106; x_wconf 92' lang='lat' dir='ltr'>sine</span> <span class='ocrx_word' id='word_1_338' title='bbox 598 2078 711 2105; x_wconf 90' lang='lat' dir='ltr'>motu</span> <span class='ocrx_word' id='word_1_339' title='bbox 749 2069 882 2114; x_wconf 82' lang='lat' dir='ltr'>locali,</span> <span class='ocrx_word' id='word_1_340' title='bbox 928 2081 1075 2116; x_wconf 85' lang='lat' dir='ltr'>corpus</span> <span class='ocrx_word' id='word_1_341' title='bbox 1115 2067 1233 2104; x_wconf 90' lang='lat' dir='ltr'>Cristi</span> <span class='ocrx_word' id='word_1_342' title='bbox 1278 2068 1381 2103; x_wconf 86' lang='lat' dir='ltr'>foret</span> <span class='ocrx_word' id='word_1_343' title='bbox 1419 2066 1598 2103; x_wconf 84' lang='lat' dir='ltr'>totaliter</span> <span class='ocrx_word' id='word_1_344' title='bbox 1642 2068 1713 2102; x_wconf 91' lang='lat' dir='ltr'>sub</span> <span class='ocrx_word' id='word_1_345' title='bbox 1753 2075 1790 2102; x_wconf 87' lang='lat' dir='ltr'>et</span> 
     </span>
     <span class='ocr_line' id='line_1_73' title="bbox 472 2124 1789 2176; baseline -0.003 -12"><span class='ocrx_word' id='word_1_346' title='bbox 472 2140 611 2176; x_wconf 86' lang='lat' dir='ltr'>supra;</span> <span class='ocrx_word' id='word_1_347' title='bbox 636 2140 729 2175; x_wconf 79' lang='lat' dir='ltr'>ergo</span> <span class='ocrx_word' id='word_1_348' title='bbox 754 2140 775 2163; x_wconf 89' lang='lat' dir='ltr'>a</span> <span class='ocrx_word' id='word_1_349' title='bbox 798 2126 899 2175; x_wconf 88' lang='lat' dir='ltr'>pari,</span> <span class='ocrx_word' id='word_1_350' title='bbox 923 2127 1028 2163; x_wconf 81' lang='lat' dir='ltr'>facta</span> <span class='ocrx_word' id='word_1_351' title='bbox 1052 2125 1362 2162; x_wconf 89' lang='lat' dir='ltr'>continuacione</span> <span class='ocrx_word' id='word_1_352' title='bbox 1385 2133 1422 2161; x_wconf 88' lang='lat' dir='ltr'>et</span> <span class='ocrx_word' id='word_1_353' title='bbox 1446 2124 1789 2172; x_wconf 88' lang='lat' dir='ltr'>multiplicacione</span> 
     </span>
     <span class='ocr_line' id='line_1_74' title="bbox 473 2182 1791 2234; baseline -0.004 -12"><span class='ocrx_word' id='word_1_354' title='bbox 473 2185 653 2234; x_wconf 85' lang='lat' dir='ltr'>corporis</span> <span class='ocrx_word' id='word_1_355' title='bbox 688 2185 819 2230; x_wconf 78' lang='lat' dir='ltr'>Cristi,</span> <span class='ocrx_word' id='word_1_356' title='bbox 852 2193 895 2220; x_wconf 87' lang='lat' dir='ltr'>ut</span> <span class='ocrx_word' id='word_1_357' title='bbox 928 2185 1063 2220; x_wconf 85' lang='lat' dir='ltr'>modo.</span> <span class='ocrx_word' id='word_1_358' title='bbox 1103 2186 1157 2219; x_wconf 85' lang='lat' dir='ltr'>Ex</span> <span class='ocrx_word' id='word_1_359' title='bbox 1190 2183 1333 2231; x_wconf 87' lang='lat' dir='ltr'>quibus</span> <span class='ocrx_word' id='word_1_360' title='bbox 1367 2196 1457 2219; x_wconf 89' lang='lat' dir='ltr'>cum</span> <span class='ocrx_word' id='word_1_361' title='bbox 1490 2182 1656 2218; x_wconf 78' lang='lat' dir='ltr'>infinitis</span> <span class='ocrx_word' id='word_1_362' title='bbox 1690 2182 1791 2218; x_wconf 84' lang='lat' dir='ltr'>diffi-</span> 
     </span>
     <span class='ocr_line' id='line_1_75' title="bbox 473 2240 1789 2289; baseline -0.002 -9"><span class='ocrx_word' id='word_1_363' title='bbox 473 2244 688 2280; x_wconf 87' lang='lat' dir='ltr'>cultatibus</span> <span class='ocrx_word' id='word_1_364' title='bbox 721 2242 883 2279; x_wconf 89' lang='lat' dir='ltr'>intricat</span> <span class='ocrx_word' id='word_1_365' title='bbox 921 2243 993 2278; x_wconf 84' lang='lat' dir='ltr'>hec</span> <span class='ocrx_word' id='word_1_366' title='bbox 1025 2250 1133 2278; x_wconf 88' lang='lat' dir='ltr'>secta</span> <span class='ocrx_word' id='word_1_367' title='bbox 1172 2254 1211 2277; x_wconf 87' lang='lat' dir='ltr'>se</span> <span class='ocrx_word' id='word_1_368' title='bbox 1244 2241 1373 2289; x_wconf 88' lang='lat' dir='ltr'>ipsam</span> <span class='ocrx_word' id='word_1_369' title='bbox 1412 2249 1531 2288; x_wconf 88' lang='lat' dir='ltr'>atque</span> <span class='ocrx_word' id='word_1_370' title='bbox 1565 2240 1789 2277; x_wconf 88' lang='lat' dir='ltr'>ecclesiam.</span> 
     </span>
     <span class='ocr_line' id='line_1_76' title="bbox 475 2298 1789 2346; baseline -0.004 -8"><span class='ocrx_word' id='word_1_371' title='bbox 475 2301 651 2338; x_wconf 83' lang='lat' dir='ltr'>Ulterius</span> <span class='ocrx_word' id='word_1_372' title='bbox 696 2301 854 2337; x_wconf 87' lang='lat' dir='ltr'>videtur</span> <span class='ocrx_word' id='word_1_373' title='bbox 899 2300 1202 2336; x_wconf 83' lang='lat' dir='ltr'>concedendurn</span> <span class='ocrx_word' id='word_1_374' title='bbox 1247 2299 1308 2335; x_wconf 89' lang='lat' dir='ltr'>vel</span> <span class='ocrx_word' id='word_1_375' title='bbox 1357 2298 1666 2346; x_wconf 86' lang='lat' dir='ltr'>relinquendum</span> <span class='ocrx_word' id='word_1_376' title='bbox 1718 2299 1789 2334; x_wconf 89' lang='lat' dir='ltr'>sub</span> 
     </span>
     <span class='ocr_line' id='line_1_77' title="bbox 474 2356 1790 2407; baseline -0.003 -12"><span class='ocrx_word' id='word_1_377' title='bbox 474 2360 597 2396; x_wconf 89' lang='lat' dir='ltr'>dubio</span> <span class='ocrx_word' id='word_1_378' title='bbox 643 2360 751 2407; x_wconf 88' lang='lat' dir='ltr'>quod</span> <span class='ocrx_word' id='word_1_379' title='bbox 797 2366 917 2406; x_wconf 83' lang='lat' dir='ltr'>caput</span> <span class='ocrx_word' id='word_1_380' title='bbox 963 2357 1084 2394; x_wconf 83' lang='lat' dir='ltr'>Cristi</span> <span class='ocrx_word' id='word_1_381' title='bbox 1128 2357 1168 2393; x_wconf 90' lang='lat' dir='ltr'>in</span> <span class='ocrx_word' id='word_1_382' title='bbox 1213 2356 1344 2393; x_wconf 87' lang='lat' dir='ltr'>hostia</span> <span class='ocrx_word' id='word_1_383' title='bbox 1395 2356 1655 2392; x_wconf 85' lang='lat' dir='ltr'>continuatur</span> <span class='ocrx_word' id='word_1_384' title='bbox 1700 2368 1790 2392; x_wconf 88' lang='lat' dir='ltr'>cum</span> 
     </span>
     <span class='ocr_line' id='line_1_78' title="bbox 474 2413 1788 2466; baseline -0.004 -12"><span class='ocrx_word' id='word_1_385' title='bbox 474 2417 644 2466; x_wconf 87' lang='lat' dir='ltr'>pedibus</span> <span class='ocrx_word' id='word_1_386' title='bbox 679 2426 715 2453; x_wconf 89' lang='lat' dir='ltr'>et</span> <span class='ocrx_word' id='word_1_387' title='bbox 748 2416 924 2465; x_wconf 85' lang='lat' dir='ltr'>quelibet</span> <span class='ocrx_word' id='word_1_388' title='bbox 959 2415 1041 2452; x_wconf 86' lang='lat' dir='ltr'>eius</span> <span class='ocrx_word' id='word_1_389' title='bbox 1074 2428 1166 2463; x_wconf 88' lang='lat' dir='ltr'>pars</span> <span class='ocrx_word' id='word_1_390' title='bbox 1196 2414 1460 2463; x_wconf 87' lang='lat' dir='ltr'>quantitative</span> <span class='ocrx_word' id='word_1_391' title='bbox 1485 2427 1573 2450; x_wconf 90' lang='lat' dir='ltr'>cum</span> <span class='ocrx_word' id='word_1_392' title='bbox 1598 2413 1788 2462; x_wconf 90' lang='lat' dir='ltr'>qualibet.</span> 
     </span>
    </p>
   </div>
   <div class='ocr_carea' id='block_1_8' title="bbox 471 2535 1790 2895">
    <p class='ocr_par' dir='ltr' id='par_1_12' title="bbox 471 2535 1790 2895">
     <span class='ocr_line' id='line_1_79' title="bbox 545 2535 1788 2573; baseline -0.004 -7"><span class='ocrx_word' id='word_1_393' title='bbox 545 2547 627 2572; x_wconf 74' lang='lat'>2—4.</span> <span class='ocrx_word' id='word_1_394' title='bbox 649 2539 857 2573; x_wconf 81' lang='lat' dir='ltr'>quovismodo</span> <span class='ocrx_word' id='word_1_395' title='bbox 878 2553 911 2557; x_wconf 85' lang='lat'>—</span> <span class='ocrx_word' id='word_1_396' title='bbox 931 2537 1101 2564; x_wconf 85' lang='lat' dir='ltr'>attribuunt</span> <span class='ocrx_word' id='word_1_397' title='bbox 1121 2536 1205 2563; x_wconf 80' lang='lat' dir='ltr'>deest</span> <span class='ocrx_word' id='word_1_398' title='bbox 1224 2536 1262 2563; x_wconf 88' lang='lat' dir='ltr'>A.</span> <span class='ocrx_word' id='word_1_399' title='bbox 1349 2535 1377 2563; x_wconf 85' lang='lat'>6.</span> <span class='ocrx_word' id='word_1_400' title='bbox 1400 2536 1510 2562; x_wconf 88' lang='lat' dir='ltr'>docma</span> <span class='ocrx_word' id='word_1_401' title='bbox 1531 2535 1564 2562; x_wconf 86' lang='lat' dir='ltr'>E.</span> <span class='ocrx_word' id='word_1_402' title='bbox 1656 2543 1683 2570; x_wconf 82' lang='lat'>9.</span> <span class='ocrx_word' id='word_1_403' title='bbox 1706 2535 1788 2570; x_wconf 84' lang='lat' dir='ltr'>quod</span> 
     </span>
     <span class='ocr_line' id='line_1_80' title="bbox 471 2570 1790 2610; baseline -0.004 -9"><span class='ocrx_word' id='word_1_404' title='bbox 471 2583 532 2610; x_wconf 80' lang='lat' dir='ltr'>pro</span> <span class='ocrx_word' id='word_1_405' title='bbox 553 2582 645 2608; x_wconf 79' lang='lat' dir='ltr'>quam</span> <span class='ocrx_word' id='word_1_406' title='bbox 667 2573 727 2601; x_wconf 85' lang='lat' dir='ltr'>CE.</span> <span class='ocrx_word' id='word_1_407' title='bbox 839 2572 876 2600; x_wconf 87' lang='lat'>13.</span> <span class='ocrx_word' id='word_1_408' title='bbox 899 2581 957 2608; x_wconf 85' lang='lat' dir='ltr'>que</span> <span class='ocrx_word' id='word_1_409' title='bbox 976 2573 1014 2599; x_wconf 88' lang='lat' dir='ltr'>A.</span> <span class='ocrx_word' id='word_1_410' title='bbox 1125 2580 1166 2605; x_wconf 71' lang='lat'>14,</span> <span class='ocrx_word' id='word_1_411' title='bbox 1189 2571 1225 2598; x_wconf 82' lang='grc'>15.</span> <span class='ocrx_word' id='word_1_412' title='bbox 1248 2575 1292 2598; x_wconf 88' lang='lat' dir='ltr'>est</span> <span class='ocrx_word' id='word_1_413' title='bbox 1313 2575 1417 2597; x_wconf 80' lang='lat' dir='ltr'>vertex</span> <span class='ocrx_word' id='word_1_414' title='bbox 1437 2570 1548 2605; x_wconf 80' lang='lat' dir='ltr'>capitis</span> <span class='ocrx_word' id='word_1_415' title='bbox 1569 2570 1621 2597; x_wconf 79' lang='lat' dir='ltr'>sed</span> <span class='ocrx_word' id='word_1_416' title='bbox 1643 2578 1790 2605; x_wconf 84' lang='lat' dir='ltr'>suprema</span> 
     </span>
     <span class='ocr_line' id='line_1_81' title="bbox 478 2605 1789 2644; baseline -0.002 -10"><span class='ocrx_word' id='word_1_417' title='bbox 478 2618 548 2644; x_wconf 74' lang='lat' dir='ltr'>pars</span> <span class='ocrx_word' id='word_1_418' title='bbox 569 2608 710 2643; x_wconf 79' lang='lat' dir='ltr'>corporis</span> <span class='ocrx_word' id='word_1_419' title='bbox 731 2607 825 2635; x_wconf 81' lang='lat' dir='ltr'>Cristi</span> <span class='ocrx_word' id='word_1_420' title='bbox 846 2607 947 2634; x_wconf 83' lang='lat' dir='ltr'>hostia</span> <span class='ocrx_word' id='word_1_421' title='bbox 967 2606 1053 2633; x_wconf 71' lang='lat' dir='ltr'>deest</span> <span class='ocrx_word' id='word_1_422' title='bbox 1071 2606 1111 2639; x_wconf 79' lang='lat' dir='ltr'>C;</span> <span class='ocrx_word' id='word_1_423' title='bbox 1134 2607 1171 2633; x_wconf 74' lang='lat' dir='ltr'>ib.</span> <span class='ocrx_word' id='word_1_424' title='bbox 1194 2614 1265 2642; x_wconf 73' lang='lat' dir='ltr'>pars</span> <span class='ocrx_word' id='word_1_425' title='bbox 1287 2605 1429 2640; x_wconf 82' lang='lat' dir='ltr'>corporis</span> <span class='ocrx_word' id='word_1_426' title='bbox 1449 2620 1481 2624; x_wconf 90' lang='lat'>——</span> <span class='ocrx_word' id='word_1_427' title='bbox 1503 2613 1574 2640; x_wconf 82' lang='lat' dir='ltr'>pars</span> <span class='ocrx_word' id='word_1_428' title='bbox 1594 2605 1736 2640; x_wconf 85' lang='lat' dir='ltr'>corporis</span> <span class='ocrx_word' id='word_1_429' title='bbox 1757 2605 1789 2631; x_wconf 80' lang='lat' dir='ltr'>in</span> 
     </span>
     <span class='ocr_line' id='line_1_82' title="bbox 476 2639 1788 2679; baseline -0.003 -9"><span class='ocrx_word' id='word_1_430' title='bbox 476 2652 575 2679; x_wconf 67' lang='lat' dir='ltr'>marg.</span> <span class='ocrx_word' id='word_1_431' title='bbox 597 2643 656 2678; x_wconf 82' lang='lat' dir='ltr'>inf.</span> <span class='ocrx_word' id='word_1_432' title='bbox 677 2643 749 2670; x_wconf 80' lang='lat' dir='ltr'>add.</span> <span class='ocrx_word' id='word_1_433' title='bbox 772 2643 808 2670; x_wconf 91' lang='lat' dir='ltr'>D.</span> <span class='ocrx_word' id='word_1_434' title='bbox 884 2642 923 2669; x_wconf 82' lang='lat'>15.</span> <span class='ocrx_word' id='word_1_435' title='bbox 945 2641 1043 2675; x_wconf 82' lang='lat' dir='ltr'>capud</span> <span class='ocrx_word' id='word_1_436' title='bbox 1065 2640 1099 2668; x_wconf 89' lang='lat' dir='ltr'>E.</span> <span class='ocrx_word' id='word_1_437' title='bbox 1181 2642 1222 2667; x_wconf 82' lang='lat'>10.</span> <span class='ocrx_word' id='word_1_438' title='bbox 1245 2640 1327 2667; x_wconf 85' lang='lat' dir='ltr'>tibiis</span> <span class='ocrx_word' id='word_1_439' title='bbox 1349 2639 1445 2673; x_wconf 79' lang='lat' dir='ltr'>CDE;</span> <span class='ocrx_word' id='word_1_440' title='bbox 1471 2639 1508 2666; x_wconf 74' lang='lat' dir='ltr'>ib.</span> <span class='ocrx_word' id='word_1_441' title='bbox 1530 2639 1626 2666; x_wconf 82' lang='lat' dir='ltr'>eciam</span> <span class='ocrx_word' id='word_1_442' title='bbox 1646 2640 1734 2666; x_wconf 73' lang='lat' dir='ltr'>deest</span> <span class='ocrx_word' id='word_1_443' title='bbox 1749 2641 1788 2666; x_wconf 81' lang='lat' dir='ltr'>A.</span> 
     </span>
     <span class='ocr_line' id='line_1_83' title="bbox 477 2683 1789 2721; baseline -0.004 -5"><span class='ocrx_word' id='word_1_444' title='bbox 477 2690 516 2717; x_wconf 64' lang='lat'>18.</span> <span class='ocrx_word' id='word_1_445' title='bbox 538 2689 651 2716; x_wconf 75' lang='lat' dir='ltr'>extima</span> <span class='ocrx_word' id='word_1_446' title='bbox 671 2690 716 2721; x_wconf 82' lang='lat' dir='ltr'>A;</span> <span class='ocrx_word' id='word_1_447' title='bbox 745 2689 781 2715; x_wconf 81' lang='lat' dir='ltr'>ib.</span> <span class='ocrx_word' id='word_1_448' title='bbox 804 2687 897 2715; x_wconf 71' lang='lat' dir='ltr'>Cristi</span> <span class='ocrx_word' id='word_1_449' title='bbox 919 2687 1004 2714; x_wconf 74' lang='lat' dir='ltr'>deest</span> <span class='ocrx_word' id='word_1_450' title='bbox 1020 2687 1057 2714; x_wconf 88' lang='lat' dir='ltr'>A.</span> <span class='ocrx_word' id='word_1_451' title='bbox 1139 2694 1180 2721; x_wconf 79' lang='lat'>19.</span> <span class='ocrx_word' id='word_1_452' title='bbox 1202 2686 1260 2713; x_wconf 86' lang='lat' dir='ltr'>nisi</span> <span class='ocrx_word' id='word_1_453' title='bbox 1283 2686 1313 2712; x_wconf 82' lang='lat' dir='ltr'>in</span> <span class='ocrx_word' id='word_1_454' title='bbox 1334 2693 1436 2721; x_wconf 75' lang='lat' dir='ltr'>marg.</span> <span class='ocrx_word' id='word_1_455' title='bbox 1457 2684 1528 2712; x_wconf 80' lang='lat' dir='ltr'>add.</span> <span class='ocrx_word' id='word_1_456' title='bbox 1550 2685 1586 2711; x_wconf 92' lang='lat' dir='ltr'>D.</span> <span class='ocrx_word' id='word_1_457' title='bbox 1665 2693 1708 2712; x_wconf 84' lang='lat'>22.</span> <span class='ocrx_word' id='word_1_458' title='bbox 1731 2683 1789 2720; x_wconf 64' lang='lat' dir='ltr'>que</span> 
     </span>
     <span class='ocr_line' id='line_1_84' title="bbox 474 2719 1788 2760; baseline -0.002 -11"><span class='ocrx_word' id='word_1_459' title='bbox 474 2732 532 2760; x_wconf 76' lang='lat' dir='ltr'>pro</span> <span class='ocrx_word' id='word_1_460' title='bbox 553 2732 620 2758; x_wconf 75' lang='lat' dir='ltr'>que.</span> <span class='ocrx_word' id='word_1_461' title='bbox 712 2722 755 2750; x_wconf 82' lang='lat'>23.</span> <span class='ocrx_word' id='word_1_462' title='bbox 776 2722 875 2757; x_wconf 83' lang='lat' dir='ltr'>capud</span> <span class='ocrx_word' id='word_1_463' title='bbox 897 2721 931 2748; x_wconf 84' lang='lat' dir='ltr'>E.</span> <span class='ocrx_word' id='word_1_464' title='bbox 1027 2729 1075 2754; x_wconf 75' lang='lat'>24.</span> <span class='ocrx_word' id='word_1_465' title='bbox 1097 2721 1125 2748; x_wconf 89' lang='lat' dir='ltr'>in</span> <span class='ocrx_word' id='word_1_466' title='bbox 1148 2721 1275 2747; x_wconf 81' lang='lat' dir='ltr'>ecclesia</span> <span class='ocrx_word' id='word_1_467' title='bbox 1296 2724 1341 2747; x_wconf 77' lang='lat' dir='ltr'>est</span> <span class='ocrx_word' id='word_1_468' title='bbox 1360 2719 1404 2746; x_wconf 80' lang='lat' dir='ltr'>sic</span> <span class='ocrx_word' id='word_1_469' title='bbox 1425 2719 1464 2753; x_wconf 78' lang='lat' dir='ltr'>C;</span> <span class='ocrx_word' id='word_1_470' title='bbox 1486 2719 1516 2746; x_wconf 87' lang='lat' dir='ltr'>in</span> <span class='ocrx_word' id='word_1_471' title='bbox 1537 2720 1663 2746; x_wconf 81' lang='lat' dir='ltr'>ecclesia</span> <span class='ocrx_word' id='word_1_472' title='bbox 1684 2724 1729 2747; x_wconf 86' lang='lat' dir='ltr'>est</span> <span class='ocrx_word' id='word_1_473' title='bbox 1748 2719 1788 2752; x_wconf 74' lang='lat'>133</span> 
     </span>
     <span class='ocr_line' id='line_1_85' title="bbox 477 2754 1787 2789; baseline -0.004 -4"><span class='ocrx_word' id='word_1_474' title='bbox 477 2759 514 2786; x_wconf 73' lang='lat' dir='ltr'>ib.</span> <span class='ocrx_word' id='word_1_475' title='bbox 537 2757 697 2785; x_wconf 76' lang='lat' dir='ltr'>diffinitive</span> <span class='ocrx_word' id='word_1_476' title='bbox 717 2757 750 2784; x_wconf 83' lang='lat' dir='ltr'>E.</span> <span class='ocrx_word' id='word_1_477' title='bbox 807 2756 848 2784; x_wconf 83' lang='lat'>25.</span> <span class='ocrx_word' id='word_1_478' title='bbox 866 2756 950 2783; x_wconf 82' lang='lat' dir='ltr'>sicud</span> <span class='ocrx_word' id='word_1_479' title='bbox 967 2756 1010 2789; x_wconf 86' lang='lat' dir='ltr'>A;</span> <span class='ocrx_word' id='word_1_480' title='bbox 1033 2756 1070 2782; x_wconf 73' lang='lat' dir='ltr'>ih.</span> <span class='ocrx_word' id='word_1_481' title='bbox 1087 2763 1148 2782; x_wconf 86' lang='lat' dir='ltr'>non</span> <span class='ocrx_word' id='word_1_482' title='bbox 1163 2755 1260 2787; x_wconf 74' lang='grc' dir='ltr'>ΑΒΕς</span> <span class='ocrx_word' id='word_1_483' title='bbox 1281 2763 1363 2781; x_wconf 86' lang='lat' dir='ltr'>corr.</span> <span class='ocrx_word' id='word_1_484' title='bbox 1385 2754 1418 2781; x_wconf 83' lang='lat' dir='ltr'>E.</span> <span class='ocrx_word' id='word_1_485' title='bbox 1475 2754 1521 2780; x_wconf 75' lang='lat'>¹26.</span> <span class='ocrx_word' id='word_1_486' title='bbox 1542 2754 1729 2781; x_wconf 81' lang='lat' dir='ltr'>coucedatur</span> <span class='ocrx_word' id='word_1_487' title='bbox 1750 2754 1787 2784; x_wconf 81' lang='lat' dir='ltr'>B:</span> 
     </span>
     <span class='ocr_line' id='line_1_86' title="bbox 478 2788 1786 2820; baseline -0.003 -1"><span class='ocrx_word' id='word_1_488' title='bbox 478 2794 515 2820; x_wconf 62' lang='grc' dir='ltr'>ὼ,</span> <span class='ocrx_word' id='word_1_489' title='bbox 538 2802 604 2819; x_wconf 76' lang='lat' dir='ltr'>esse</span> <span class='ocrx_word' id='word_1_490' title='bbox 625 2792 711 2819; x_wconf 71' lang='lat' dir='ltr'>deest</span> <span class='ocrx_word' id='word_1_491' title='bbox 729 2792 764 2818; x_wconf 89' lang='lat' dir='ltr'>D.</span> <span class='ocrx_word' id='word_1_492' title='bbox 822 2799 867 2819; x_wconf 56' lang='grc' dir='ltr'>εν).</span> <span class='ocrx_word' id='word_1_493' title='bbox 890 2791 933 2817; x_wconf 85' lang='lat' dir='ltr'>sic</span> <span class='ocrx_word' id='word_1_494' title='bbox 954 2791 1093 2817; x_wconf 79' lang='lat' dir='ltr'>locantur</span> <span class='ocrx_word' id='word_1_495' title='bbox 1114 2790 1148 2816; x_wconf 95' lang='lat' dir='ltr'>D.</span> <span class='ocrx_word' id='word_1_496' title='bbox 1205 2788 1250 2816; x_wconf 83' lang='lat'>30.</span> <span class='ocrx_word' id='word_1_497' title='bbox 1273 2788 1541 2815; x_wconf 72' lang='lat' dir='ltr'>discoutuminatis</span> <span class='ocrx_word' id='word_1_498' title='bbox 1563 2790 1606 2816; x_wconf 83' lang='lat' dir='ltr'>A:</span> <span class='ocrx_word' id='word_1_499' title='bbox 1629 2789 1665 2814; x_wconf 65' lang='lat' dir='ltr'>sb.</span> <span class='ocrx_word' id='word_1_500' title='bbox 1688 2794 1786 2815; x_wconf 76' lang='lat' dir='ltr'>tamen</span> 
     </span>
     <span class='ocr_line' id='line_1_87' title="bbox 476 2822 1787 2863; baseline -0.001 -12"><span class='ocrx_word' id='word_1_501' title='bbox 476 2836 533 2863; x_wconf 71' lang='lat' dir='ltr'>pro</span> <span class='ocrx_word' id='word_1_502' title='bbox 554 2828 598 2853; x_wconf 84' lang='lat' dir='ltr'>vel</span> <span class='ocrx_word' id='word_1_503' title='bbox 621 2827 651 2853; x_wconf 63' lang='lat'>13.</span> <span class='ocrx_word' id='word_1_504' title='bbox 707 2825 751 2853; x_wconf 81' lang='lat'>32.</span> <span class='ocrx_word' id='word_1_505' title='bbox 773 2825 969 2852; x_wconf 83' lang='lat' dir='ltr'>multitudine</span> <span class='ocrx_word' id='word_1_506' title='bbox 990 2825 1052 2852; x_wconf 85' lang='lat' dir='ltr'>CD.</span> <span class='ocrx_word' id='word_1_507' title='bbox 1106 2823 1155 2858; x_wconf 81' lang='lat'>34.</span> <span class='ocrx_word' id='word_1_508' title='bbox 1171 2824 1387 2850; x_wconf 84' lang='lat' dir='ltr'>intricacioues</span> <span class='ocrx_word' id='word_1_509' title='bbox 1403 2822 1493 2849; x_wconf 79' lang='lat' dir='ltr'>infert</span> <span class='ocrx_word' id='word_1_510' title='bbox 1507 2823 1537 2849; x_wconf 84' lang='lat' dir='ltr'>in</span> <span class='ocrx_word' id='word_1_511' title='bbox 1551 2831 1651 2859; x_wconf 63' lang='lat' dir='ltr'>nmrg.</span> <span class='ocrx_word' id='word_1_512' title='bbox 1666 2831 1730 2858; x_wconf 75' lang='lat' dir='ltr'>sup.</span> <span class='ocrx_word' id='word_1_513' title='bbox 1747 2823 1787 2857; x_wconf 62' lang='lat' dir='ltr'>Q</span> 
     </span>
     <span class='ocr_line' id='line_1_88' title="bbox 477 2857 1625 2895; baseline -0.004 -6"><span class='ocrx_word' id='word_1_514' title='bbox 477 2863 515 2893; x_wconf 66' lang='lat' dir='ltr'>lb.</span> <span class='ocrx_word' id='word_1_515' title='bbox 537 2862 594 2889; x_wconf 85' lang='lat' dir='ltr'>ista</span> <span class='ocrx_word' id='word_1_516' title='bbox 614 2862 650 2888; x_wconf 85' lang='grc' dir='ltr'>Ι).</span> <span class='ocrx_word' id='word_1_517' title='bbox 723 2860 770 2888; x_wconf 77' lang='grc'>36.</span> <span class='ocrx_word' id='word_1_518' title='bbox 792 2861 890 2895; x_wconf 81' lang='lat' dir='ltr'>capud</span> <span class='ocrx_word' id='word_1_519' title='bbox 912 2859 945 2886; x_wconf 85' lang='lat' dir='ltr'>E.</span> <span class='ocrx_word' id='word_1_520' title='bbox 1018 2858 1062 2894; x_wconf 80' lang='lat'>37.</span> <span class='ocrx_word' id='word_1_521' title='bbox 1084 2858 1284 2894; x_wconf 78' lang='lat' dir='ltr'>quantitativa</span> <span class='ocrx_word' id='word_1_522' title='bbox 1305 2859 1348 2892; x_wconf 75' lang='lat' dir='ltr'>A3</span> <span class='ocrx_word' id='word_1_523' title='bbox 1376 2858 1413 2884; x_wconf 71' lang='lat' dir='ltr'>ib.</span> <span class='ocrx_word' id='word_1_524' title='bbox 1436 2857 1567 2894; x_wconf 83' lang='lat' dir='ltr'>quelibet</span> <span class='ocrx_word' id='word_1_525' title='bbox 1587 2859 1625 2886; x_wconf 79' lang='lat' dir='ltr'>A.</span> 
     </span>
    </p>
   </div>
   <div class='ocr_carea' id='block_1_9' title="bbox 1811 865 1847 884">
    <p class='ocr_par' dir='ltr' id='par_1_13' title="bbox 1811 865 1847 884">
     <span class='ocr_line' id='line_1_89' title="bbox 1811 865 1847 884; baseline -0.028 0"><span class='ocrx_word' id='word_1_526' title='bbox 1811 865 1847 884; x_wconf 81' lang='lat'>10</span> 
     </span>
    </p>
   </div>
   <div class='ocr_carea' id='block_1_10' title="bbox 1813 1142 1847 1174">
    <p class='ocr_par' dir='ltr' id='par_1_14' title="bbox 1813 1142 1847 1174">
     <span class='ocr_line' id='line_1_90' title="bbox 1813 1142 1847 1174; baseline 0.029 -1"><span class='ocrx_word' id='word_1_527' title='bbox 1813 1142 1847 1174; x_wconf 78' lang='lat'>15</span> 
     </span>
    </p>
   </div>
   <div class='ocr_carea' id='block_1_11' title="bbox 1807 2013 1848 2045">
    <p class='ocr_par' dir='ltr' id='par_1_15' title="bbox 1807 2013 1848 2045">
     <span class='ocr_line' id='line_1_91' title="bbox 1807 2013 1848 2045; baseline -0.073 0"><span class='ocrx_word' id='word_1_528' title='bbox 1807 2013 1848 2045; x_wconf 73' lang='lat'>30</span> 
     </span>
    </p>
   </div>
  </div>
 </body>
</html>
