2067 3298
173 232 220 267 38

194 694 358 730 Implicitly
378 693 415 720 he

208 734 321 757 asserts
342 729 406 755 that

201 765 356 791 whatever
375 763 412 789 he

890 235 1112 267 JOHANNIS
1138 233 1323 265 WYCLIF
1621 230 1710 257 CAI‘.
1732 230 1767 256 11.

457 344 598 379 Matth.
627 344 665 378 5:
708 342 780 378 Vos
812 341 883 377 esti
914 342 984 376 lux
1016 341 1148 375 mundi
1170 347 1204 376 et
1226 340 1285 375 sal
1307 347 1421 374 terre.
1459 339 1535 374 Sed
1570 350 1659 374 cum
1695 339 1769 373 hoc

457 410 534 437 stat
566 401 605 436 in
638 400 821 436 libertate
861 398 1029 443 arbitrii,
1070 397 1114 443 si,
1162 397 1407 433 dimittentes
1453 397 1555 432 hanc
1602 405 1767 439 sectam,

457 458 658 494 declinant
696 457 736 492 in
774 456 879 493 viam
913 455 1075 501 diaboli,
1117 455 1213 503 quid
1252 454 1328 490 illis
1367 463 1403 490 et
1436 453 1641 501 privilegio
1676 454 1769 489 dato

457 516 599 551 Petro?
638 516 752 551 Unde
785 514 982 559 diabolus,
1023 513 1202 560 sophista
1234 511 1445 559 pessimuS,
1486 510 1641 547 seducit
1676 523 1768 546 suos

456 573 672 620 discipulos
695 572 734 608 in
753 571 1138 620 consequenciarum
1162 569 1423 617 ignoranciis:
1450 568 1631 605 “Cristus
1649 569 1766 604 talem
1788 571 1801 601 ἶ

454 639 693 678 potestatem
728 629 836 665 dedit
869 632 983 665 Petro
1017 638 1053 665 et
1093 627 1232 664 ceteris
1275 626 1508 674 apostolis''‚
1553 638 1645 674 ergo
1678 626 1767 661 illis.

515 689 642 733 Unde,
682 696 725 723 ut
763 695 994 735 suggerunt,
1034 686 1125 722 licet
1159 685 1233 721 illis
1273 685 1402 720 facere
1435 696 1673 732 quecunque
1705 696 1770 719 vo-

455 745 614 791 luerint,
639 745 733 792 quia
756 745 843 792 pari
867 744 1071 781 evidencia
1095 752 1186 779 sunt
1207 752 1340 790 patres
1365 741 1598 790 beatissimi,
1623 741 1769 777 sessuri

190 799 264 826 does
284 798 309 825 ³5
331 797 422 831 right,
456 816 545 838 cum
571 802 701 839 Cristo
735 802 950 838 iudicando
984 801 1206 845 ecclesiam,
1242 810 1278 836 et
1311 809 1400 847 post
1433 808 1629 847 perpetuo
1658 812 1769 835 coro-

202 833 260 860 and
282 833 345 859 that
366 833 402 858 he

167 868 228 894 will
245 868 279 893 be
294 865 437 894 crowned
455 860 590 899 nandi,
625 863 712 896 Non
747 859 852 895 enim
888 868 944 895 est
974 859 1081 895 racio
1111 857 1351 894 diversitatis
1385 858 1637 905 assignanda,
1673 856 1768 904 quin

196 903 225 929 in
247 902 360 928 heaven
382 905 411 926 at

175 938 242 968 last,
264 936 347 963 since
367 934 427 961 this
455 918 485 954 si
519 918 716 966 sequitur:
752 918 872 953 talem
906 925 1146 965 potestatem
1171 918 1288 952 Petro
1319 915 1508 960 contulit3
1547 927 1639 962 ergo
1672 914 1767 955 illis;

234 975 286 998 too
307 978 369 997 was

201 1004 358 1041 promised
379 1008 409 1030 to

251 1040 347 1067 Peter.

217 1096 334 1125 Words
354 1096 389 1124 of

166 1132 292 1167 Origen,
315 1132 439 1164 bearing

172 1175 212 1194 on
232 1167 281 1194 the
303 1166 430 1201 subject.

188 2017 243 2044 Let
262 2017 312 2044 the
332 2017 373 2044 Po
400 2026 414 2044 e

174 2052 345 2079 remember
364 2057 374 2079 t
400 2056 428 2079 at

164 2087 201 2113 all
223 2087 270 2113 his
291 2095 397 2121 power
410 2087 436 2114 is

166 2121 437 2148 buttheutterance

227 2155 261 2182 of
280 2155 376 2183 God's

454 988 524 1023 per
557 976 662 1012 idem
696 975 895 1023 sequitur:
929 976 1050 1011 talem
1075 974 1252 1022 graciam
1284 973 1490 1009 iudicandi
1514 981 1550 1008 et
1574 972 1767 1020 regnandi

455 1046 544 1069 cum
580 1033 709 1070 Cristo
742 1033 938 1069 Dominus
972 1032 1140 1069 contulit
1164 1034 1300 1068 Petro:
1336 1044 1429 1078 ergo
1463 1040 1499 1066 et
1531 1029 1618 1066 illis.
1655 1031 1768 1066 Unde

455 1104 623 1139 magnus
656 1093 798 1127 doctor
821 1091 1014 1139 Origenes
1047 1103 1166 1138 super
1188 1091 1328 1126 eodem
1352 1090 1441 1125 Ioco
1465 1089 1604 1124 Matth.
1633 1089 1677 1124 16
1712 1087 1767 1123 sic

1802 324 1918 357 Artatth.

1804 371 1845 410 V,
1878 381 1915 411 14

454 1149 649 1197 quuitur:
686 1148 791 1194 “Qui
816 1148 1071 1196 episcopatus
1094 1148 1307 1184 vendicant
1330 1148 1477 1192 Iocum,
1501 1154 1670 1182 utuntur
1694 1147 1767 1181 hoc
1812 1149 1822 1152 “

454 1216 583 1251 textu3
618 1208 685 1243 sed
710 1208 809 1242 bene
834 1206 971 1242 dicunt
995 1208 1042 1242 de
1072 1214 1282 1254 potestate,
1317 1204 1348 1240 si
1378 1217 1501 1252 opera
1530 1204 1597 1240 illa
1621 1205 1768 1239 habent

454 1274 620 1312 propter
643 1277 719 1312 que
742 1265 893 1300 dictum
920 1273 976 1300 est
995 1266 1124 1309 Petro,
1148 1265 1201 1298 Tu
1225 1276 1263 1299 es
1278 1263 1439 1306 Petrzts;
1460 1271 1503 1297 ut
1526 1273 1648 1309 super
1670 1262 1767 1297 tales

454 1323 653 1371 edificetur
690 1322 860 1360 ecclesia.
914 1322 1105 1370 Alioquin
1145 1321 1359 1357 ridiculum
1407 1329 1462 1355 est
1505 1328 1547 1355 ut
1587 1319 1768 1354 dicamus

454 1393 544 1416 eum
578 1379 645 1428 qui
668 1379 837 1417 vinculis
860 1389 1116 1428 peccatorum
1142 1391 1306 1415 suorum
1332 1387 1389 1414 est
1411 1377 1556 1425 ligatus
1585 1386 1621 1412 et
1644 1376 1769 1412 trahit

453 1447 618 1485 peccata
650 1450 721 1473 sua
754 1437 857 1473 sicut
889 1438 1023 1474 funem
1047 1438 1210 1485 longum
1237 1445 1273 1472 et
1296 1445 1507 1483 tamquam
1538 1434 1766 1482 iugulorum

452 1495 610 1531 vincula
644 1495 876 1543 iniquitates
909 1508 1013 1541 suas,
1054 1504 1219 1543 propter
1258 1495 1332 1530 hoc
1372 1494 1503 1529 solum
1545 1493 1653 1540 quod
1686 1491 1768 1539 epi-

453 1566 597 1601 scopus
638 1553 784 1589 dicitur
823 1554 968 1589 habere
1008 1552 1240 1589 huiusmodi
1279 1559 1533 1599 potestatem.
1575 1550 1633 1586 Sit
1674 1562 1766 1597 ergo

454 1611 664 1659 episcopus
709 1610 1069 1659 irreprehensibilis
1119 1624 1209 1647 cum
1259 1609 1346 1646 aliis
1397 1604 1506 1654 14cim
1552 1620 1628 1656 que
1674 1607 1768 1643 dicit

453 1669 673 1716 apostolus,
708 1677 744 1704 et
777 1678 871 1705 tunc
895 1668 1028 1705 solvit:
1064 1677 1291 1716 propterea,
1326 1678 1542 1715 quecunque
1563 1665 1677 1701 solvit
1699 1665 1767 1713 qui

453 1726 685 1762 huiusmodi
719 1736 776 1763 est
808 1734 920 1762 erunt
951 1727 1075 1763 soluta
1109 1726 1144 1762 in
1178 1726 1269 1761 celo.
1306 1725 1346 1761 Si
1380 1724 1486 1760 enim
1521 1722 1639 1759 fuerit
1663 1723 1764 1771 quis,
1808 1725 1820 1757 ἶ

452 1793 495 1820 ut
532 1784 585 1820 ita
620 1784 766 1831 dicam,
801 1786 939 1820 Petrus
973 1793 1009 1820 et
1042 1797 1123 1820 non
1156 1782 1340 1819 habuerit
1379 1794 1456 1830 que
1494 1781 1534 1816 iu
1569 1782 1642 1817 hoc
1677 1782 1766 1817 Ioco

453 1842 640 1877 dicuntur
683 1844 733 1878 ad
766 1843 943 1887 Petrum,
991 1851 1027 1878 et
1071 1841 1272 1889 putaverit
1319 1853 1359 1877 se
1403 1851 1518 1887 posse
1562 1839 1686 1886 ligare
1731 1847 1767 1874 et

452 1900 615 1946 solvere,
641 1899 725 1947 ipse
748 1912 788 1936 se
810 1899 925 1944 fallit,
949 1913 1029 1936 non
1053 1899 1277 1947 intelligens
1296 1899 1545 1934 voluntatem
1569 1897 1765 1945 scripture

453 1966 490 1993 et
522 1957 685 1993 inflatus
718 1957 858 1994 incidit
890 1957 929 1993 in
961 1957 1153 1993 iudicium
1189 1956 1383 1993 diaboli''.

511 2017 592 2051 Hec
638 2017 790 2053 doctor.
842 2017 890 2052 Et
941 2027 983 2051 ex
1028 2015 1111 2051 istis
1160 2014 1451 2063 expergisceret
1502 2024 1619 2059 papa,
1673 2024 1765 2047 con-
1783 2016 1798 2047 2‘

452 2072 631 2109 siderans
680 2074 723 2109 30
769 2073 1073 2109 similitudinem
1125 2072 1202 2109 vite
1254 2084 1322 2108 sue
1374 2072 1424 2107 ad
1473 2070 1596 2106 vitam
1648 2069 1765 2114 Petri,

522 2226 546 2244 2.
581 2218 740 2245 dimittens
771 2219 810 2245 A.
919 2217 943 2245 3.
978 2218 1109 2244 declinat
1140 2218 1184 2250 A;
1218 2217 1255 2244 ib.
1289 2215 1411 2252 dyaboli
1445 2215 1513 2248 DE;
1546 2215 1583 2241 ih.
1617 2219 1645 2241 et
1675 2214 1765 2242 CDE.

453 2262 482 2285 4.
505 2253 655 2288 dyabolus
677 2254 716 2285 E;
745 2253 886 2280 diabolus
908 2253 1048 2287 sophista
1069 2252 1224 2287 pessimus
1246 2253 1275 2279 in
1297 2259 1399 2287 marg.
1421 2250 1455 2278 C.
1571 2250 1599 2276 6.
1628 2254 1713 2283 petro
1735 2250 1764 2275 in

453 2295 555 2322 marg.
577 2287 648 2314 add.
672 2288 713 2320 D;
741 2288 778 2314 ih.
800 2287 892 2314 ioitur
913 2287 946 2315 C.
1038 2295 1063 2318 7.
1085 2287 1380 2321 quomodocumque
1402 2284 1523 2312 ACDE.
1614 2283 1640 2310 8.
1665 2289 1765 2316 patres

456 2321 623 2350 beatissimi
644 2323 740 2349 eciam
761 2308 834 2349 mu²l⁷i
856 2322 886 2348 in
906 2330 1008 2357 marg.
1031 2321 1068 2352 C:
1093 2322 1130 2348 ib.
1153 2321 1272 2348 sensuri
1293 2321 1331 2347 A.
1389 2327 1417 2353 o.
1440 2323 1589 2354 perpetuo
1610 2318 1640 2345 in
1662 2327 1764 2355 marg.

453 2357 525 2383 add.
548 2356 584 2383 D.
642 2365 682 2383 10.
705 2356 854 2392 signanda
875 2364 978 2383 omnes
998 2356 1088 2383 MSS.
1146 2364 1179 2382 11.
1202 2355 1332 2382 contulit
1351 2355 1440 2381 Petro
1461 2354 1497 2380 D.
1555 2352 1647 2383 1213.
1666 2361 1717 2386 per
1736 2369 1762 2371 —

453 2391 541 2418 Unde
561 2391 645 2417 deest
662 2393 701 2418 A.
775 2390 813 2418 13.
836 2392 911 2418 deus
932 2391 1028 2423 CDE;
1051 2391 1088 2417 ih.
1112 2395 1197 2425 petro
1219 2389 1347 2417 contulit
1368 2389 1435 2421 CE;
1457 2388 1494 2415 ih.
1516 2393 1544 2415 et
1564 2387 1649 2414 deest
1669 2387 1758 2415 CDE.

455 2434 495 2457 14.
523 2426 605 2452 Nota
633 2426 784 2461 Origenes
810 2426 840 2452 in
867 2434 969 2461 marg.
996 2427 1034 2453 A.
1122 2425 1158 2452 15.
1188 2429 1323 2459 potestas
1350 2423 1489 2450 solvendi
1516 2423 1627 2457 quibus
1654 2422 1765 2449 tradita

453 2460 491 2487 sit
511 2461 541 2487 in
562 2468 663 2496 marg.
684 2468 750 2495 sup.
772 2460 807 2487 D.
883 2469 920 2495 17.
943 2464 1028 2495 petro
1049 2460 1133 2486 deest
1152 2459 1193 2491 D;
1216 2459 1252 2486 ih.
1276 2464 1307 2486 ut
1326 2458 1410 2485 deest
1429 2457 1463 2485 C.
1537 2457 1576 2484 18.
1599 2457 1764 2491 episcopus

453 2495 577 2528 quando
592 2503 652 2521 non
669 2495 760 2521 solvit
774 2495 944 2521 secundum
961 2494 1139 2529 Origwem,
1161 2494 1326 2521 ridiculose
1347 2493 1471 2527 quando
1487 2492 1517 2518 in
1532 2500 1633 2527 marg.
1647 2499 1683 2518 su
1708 2513 1712 2517 .
1730 2491 1763 2518 C.

454 2537 495 2563 19.
523 2529 633 2564 ligatus
653 2534 698 2556 est
718 2529 808 2557 CDE.
916 2536 963 2556 20.
992 2529 1061 2563 iuge
1081 2529 1181 2555 lorum
1203 2528 1323 2556 ACDE.
1432 2534 1471 2554 21.
1498 2527 1622 2554 vinculo
1642 2528 1670 2553 A
1704 2526 1763 2552 DE.

454 2571 497 2590 22.
520 2564 614 2598 igitur
633 2563 667 2590 Ε.
752 2562 794 2591 23.
816 2563 883 2590 aliis
903 2571 985 2590 corr.
1007 2572 1045 2590 ex
1064 2563 1113 2590 alii
1134 2563 1169 2589 E.
1254 2570 1300 2595 24.
1324 2562 1449 2588 solverit
1469 2560 1558 2588 CDE.
1644 2568 1687 2594 27.
1710 2560 1765 2587 du-

453 2603 563 2625 cuntur
591 2598 625 2625 C.
734 2606 778 2633 27,
805 2598 850 2625 28.
879 2606 910 2625 se
939 2599 1031 2633 ligare
1058 2603 1085 2623 ct
1113 2598 1229 2624 solvere
1257 2605 1348 2632 posse
1375 2596 1408 2623 C.
1518 2597 1562 2623 25.
1591 2603 1698 2622 vocem
1725 2597 1763 2622 A.

452 2640 500 2666 29.
522 2632 645 2668 dyaboli
666 2632 729 2659 DE.
838 2631 884 2659 30.
912 2636 939 2659 et
965 2633 1048 2659 deest
1075 2632 1117 2659 D:
1148 2632 1186 2658 ib.
1214 2635 1444 2666 expergesceret
1471 2630 1512 2662 C;
1542 2630 1765 2664 expergisceret

451 2675 535 2694 corr.
558 2675 595 2694 ex
616 2671 808 2702 pergesceret
828 2667 864 2693 D.
938 2665 983 2698 30,
1006 2666 1043 2694 31.
1066 2667 1276 2702 consyderans
1298 2666 1333 2693 D.
1408 2664 1445 2692 31.
1468 2665 1553 2692 vocis
1575 2665 1606 2692 B.

524 2760 577 2792 29.
600 2750 778 2792 Origenes,
793 2750 990 2781 Comment.
1010 2750 1043 2780 in
1062 2748 1181 2780 Matth.
1201 2749 1342 2790 (Migne,
1361 2755 1384 2779 t.
1399 2748 1485 2787 XIII,
1501 2748 1605 2779 series
1624 2748 1763 2785 Graece,

454 2807 486 2837 p.
519 2806 622 2835 10103
661 2797 714 2827 ed.
747 2797 842 2835 Ben.‚
874 2806 907 2837 p.
936 2795 1028 2838 529).
1065 2795 1141 2826 The
1180 2795 1362 2836 quotation
1400 2795 1427 2824 is
1465 2793 1634 2835 probably
1675 2793 1764 2824 from

456 2852 623 2884 mernory,
651 2852 687 2873 as
714 2843 737 2872 it
762 2843 873 2873 vasles
900 2841 1004 2873 much
1031 2841 1121 2872 from
1147 2840 1204 2872 the
1231 2840 1388 2882 original.
