2067 3298
177 593 245 620 One
267 591 353 627 point
373 590 399 617 is

150 629 200 654 the
214 626 425 660 insufliciency

158 663 192 689 of
209 662 258 688 the
279 662 362 693 lines,
382 668 414 685 us

174 706 189 724 a
211 695 410 731 punishment

195 735 225 758 ot
246 731 309 763 sin;
330 730 380 756 the

163 765 286 794 Church
307 771 409 798 grows

151 802 203 834 fat,
219 801 272 827 but
287 800 336 825 the
351 799 426 825 evils

185 843 235 862 are
256 838 383 869 greater.

164 881 264 909 When
287 879 336 906 the
358 879 407 905 old

185 923 288 942 severe
309 915 383 940 laws

163 958 243 977 were
262 949 292 976 in
314 949 406 982 force,

201 993 265 1011 sins
286 992 365 1010 were

165 1018 316 1051 checked;
338 1026 408 1044 now

210 1054 273 1081 that
295 1053 317 1080 it
336 1053 362 1079 is

194 1088 321 1116 allowed
345 1092 375 1114 to

156 1123 257 1151 offend
280 1122 348 1150 God
370 1122 417 1149 sor

180 1166 301 1197 money,
325 1157 397 1192 they

214 1200 361 1220 1ncrease.

185 1229 234 1255 All
256 1227 392 1254 seculars

188 1264 258 1289 who
280 1262 319 1289 do
342 1266 395 1288 not

178 1305 296 1332 oppose
316 1297 403 1324 these

199 1332 310 1359 abuses
331 1339 381 1357 are

160 1367 352 1402 responsible
371 1365 420 1392 for

150 1403 250 1433 them;
272 1401 330 1427 and
351 1401 421 1435 they

154 1445 224 1471 may
246 1437 281 1462 be
301 1435 420 1462 likened

193 1476 223 1498 to
244 1470 386 1503 traitors;

174 1622 222 1649 for
242 1626 272 1648 to
293 1620 404 1655 permit

183 1657 256 1683 such
278 1662 399 1682 (reason

163 1692 283 1726 against
303 1689 371 1728 God
394 1689 419 1716 is

165 1731 195 1753 to
218 1727 252 1752 be
273 1734 288 1752 a
309 1729 418 1751 traltor

224 1765 254 1787 to
276 1760 359 1787 Him.

206 2152 327 2179 Instead
349 2151 383 2178 of

155 2187 319 2222 enquiring
338 2187 431 2213 about

201 2222 302 2256 profit,
323 2221 381 2248 ancl

171 2256 354 2290 particulars
376 2257 409 2282 of

158 2291 288 2326 worldly
307 2291 429 2325 wealth,

872 247 1095 279 JOHANNIS
1123 247 1309 278 WYCLIF
1571 244 1661 272 CAP.
1682 244 1748 271 VII.

440 353 625 401 guttatim
666 353 812 389 fuerint
853 362 1104 401 congregate.
1152 353 1272 389 Sicud
1319 353 1421 388 enim
1464 364 1567 400 aque
1607 352 1749 388 rivales

440 420 734 459 congregantur
773 411 813 446 in
853 411 957 447 fossa
997 412 1046 447 ad
1086 419 1242 447 tantum
1283 411 1389 459 quod
1437 412 1597 446 demum
1644 410 1750 446 fossa

441 469 724 516 disrumpitur;
759 468 814 504 sic
837 478 894 505 est
918 470 965 505 de
989 468 1299 516 particularibus
1327 467 1503 516 peccatis
1537 480 1750 515 regnorum

442 529 490 564 ab
525 525 722 574 episcopis
754 525 1002 563 incorrectis.

500 586 712 620 Peccatum
748 593 882 620 autem
917 597 996 620 non
1029 583 1255 632 corrigitur,
1302 584 1370 619 sed
1409 591 1612 631 gravatur,
1658 583 1751 618 dum

441 651 581 688 tortor,
612 642 789 690 prelatus
813 642 913 687 aliis,
938 642 1082 689 spoliat
1104 641 1411 678 sceleratissime
1443 640 1518 676 sibi
1550 640 1752 677 subiectos

442 709 479 736 et
512 700 665 736 animat
697 712 763 736 eos
797 712 840 735 ex
872 699 1182 747 parvipensione
1207 698 1349 735 minuti
1376 698 1679 735 amerciamenti
1704 699 1753 734 ad

443 757 695 806 frequencius
718 757 1018 806 deliquentium.
1053 757 1117 794 Sic
1150 757 1257 793 enim
1282 756 1377 793 dicit
1401 756 1585 792 diabolus
1608 755 1648 791 in
1672 755 1752 791 suis

442 815 663 864 proverbiis
708 817 817 863 quod
861 815 956 851 levis
1002 815 1197 863 spoliaeio
1230 814 1398 863 pingues
1430 814 1525 850 facit
1557 822 1752 862 raptores.

443 873 616 909 Dimissa
635 885 728 920 ergo
747 882 805 909 est
822 873 881 909 lex
896 873 1061 921 antiqua
1080 874 1126 909 de
1142 872 1416 921 suspensione,
1434 873 1482 908 de
1498 871 1754 920 deposicione

443 940 479 968 et
503 932 550 967 de
572 930 859 979 temporalium
884 930 1216 967 comunicacione
1240 944 1329 967 cum
1354 931 1564 966 sacerdote
1586 929 1756 966 fornica-

441 989 500 1026 rio
532 989 593 1025 vel
625 989 741 1025 aliter
773 988 1013 1034 criminoso3
1049 998 1085 1025 et
1118 997 1211 1025 tunc
1245 989 1564 1025 emendabantur
1588 987 1756 1023 crimina

441 1048 697 1083 sacerdotum
721 1055 758 1083 et
781 1046 934 1095 populi.
968 1048 1045 1083 Sed
1071 1048 1205 1093 modo,
1231 1048 1326 1082 dum
1351 1058 1421 1094 per
1444 1045 1674 1082 anticristos
1698 1045 1755 1080 in-

444 1105 602 1141 ducitur
617 1106 726 1153 quod
745 1105 807 1141 dei
826 1104 971 1141 iniuria
987 1104 1218 1153 symoniace
1234 1113 1271 1140 et
1287 1103 1510 1152 proditorie
1525 1103 1576 1139 sit
1590 1102 1753 1149 venalis,

442 1171 652 1211 peccatum
686 1175 766 1199 non
791 1162 1017 1210 corrigitur,
1052 1164 1120 1199 sed
1143 1163 1222 1198 late
1247 1161 1470 1198 extenditur
1494 1170 1530 1197 et
1553 1170 1754 1209 gravatur.

500 1220 748 1266 Extenditur‚
773 1220 953 1269 inquam,
988 1233 1114 1269 usque
1146 1221 1196 1257 ad
1228 1232 1362 1267 regem
1396 1228 1433 1256 et
1465 1228 1592 1256 totum
1628 1232 1756 1267 popu-

442 1279 538 1323 lum,
581 1279 630 1315 ad
664 1278 876 1314 minimum
912 1290 955 1314 ex
988 1291 1196 1317 consensu.
1243 1278 1296 1323 Si,
1330 1277 1511 1326 inquam,
1545 1277 1756 1313 abhomin-

444 1336 558 1372 abilis
602 1336 787 1384 proditor
831 1336 935 1384 regis
974 1336 1123 1373 terreni
1164 1344 1305 1372 contra
1344 1335 1535 1383 regaliam
1576 1334 1678 1382 regis
1719 1344 1755 1370 et

444 1394 526 1430 eius
566 1394 712 1430 liberos
753 1394 1042 1442 conspiranciis
1081 1394 1282 1430 foveretur
1322 1402 1359 1430 et
1398 1393 1677 1429 defenderetur
1716 1392 1757 1428 in

443 1464 579 1499 regno,
619 1465 753 1488 nonne
790 1464 881 1489 vere
925 1451 1127 1488 diceretur
1168 1452 1276 1500 quod
1319 1452 1454 1488 fovens
1497 1460 1620 1499 atque
1665 1463 1756 1487 con-

443 1510 623 1546 senciens
657 1509 706 1546 sit
739 1510 841 1557 regis
874 1509 1075 1557 proditor,
1108 1522 1189 1546 non
1223 1509 1354 1546 solum
1388 1518 1497 1545 extra
1530 1508 1632 1556 regis
1665 1521 1758 1556 pro-

443 1567 666 1604 teccionem
700 1569 924 1615 ponendus,
958 1569 1028 1604 sed
1060 1569 1278 1605 trahendus
1310 1567 1501 1604 atrociter
1524 1575 1561 1602 et
1585 1566 1758 1602 finaliter

444 1625 714 1662 occidendus?
766 1626 893 1662 Multo
940 1625 1067 1674 magis
1120 1625 1332 1671 anticristi,
1379 1624 1479 1661 servi
1524 1624 1675 1661 diaboli
1720 1633 1756 1660 et

445 1683 546 1731 regis
592 1683 711 1720 Cristi
757 1683 934 1730 comixti,
986 1684 1193 1732 gignentes
1247 1692 1285 1720 et
1336 1683 1593 1719 defendentes
1639 1681 1757 1719 Cristi

448 1741 700 1778 adversarios
725 1750 866 1778 contra
888 1741 1033 1789 ipsum.
1068 1743 1169 1778 Cum
1194 1741 1298 1777 enim
1322 1741 1472 1789 regalia
1495 1742 1569 1777 deo
1592 1739 1758 1789 propria

445 1799 494 1835 sit
526 1799 852 1847 incorrigibiliter
883 1799 1088 1836 vindicare
1120 1799 1301 1846 iniurias,
1341 1808 1452 1847 patet
1484 1800 1592 1847 quod
1626 1798 1757 1834 nitens

445 1858 587 1893 tollere
630 1858 690 1893 vel
738 1858 948 1894 obfuscare
1000 1857 1117 1893 istam
1165 1856 1383 1893 vindictam
1438 1865 1630 1905 procurat
1682 1869 1755 1904 pro

446 1915 607 1951 diabolo
631 1914 853 1963 proditorie
878 1924 1018 1951 contra
1041 1914 1231 1952 Cristum.
1266 1915 1473 1951 Seculares
1506 1915 1654 1962 itaque,
1690 1913 1756 1962 qui

444 1974 544 2009 tales
583 1973 823 2021 permittunt
860 1974 921 2009 vel
960 1974 1329 2021 quomodocunque
1369 1972 1629 2009 consenciunt
1667 1981 1758 2007 sunt

446 2031 485 2066 in
519 2030 812 2078 dampnacione
845 2030 1057 2075 consimili,
1105 2040 1142 2067 et
1181 2043 1300 2067 causa
1339 2030 1587 2078 prodicionis
1628 2029 1756 2077 regni3

446 2088 540 2136 quia
591 2101 752 2125 necesse
797 2097 855 2125 est
898 2097 941 2124 ut
988 2101 1169 2136 regnum,
1222 2089 1278 2125 sic
1331 2088 1535 2124 comixtim
1583 2087 1752 2123 divisum

446 2146 641 2182 anticristi
663 2146 871 2194 tyronibus
902 2155 939 2182 et
961 2146 1080 2182 Cristi
1114 2146 1332 2194 discipulis,
1366 2147 1580 2182 desoletur.
1606 2147 1759 2181 Debent

447 2204 551 2240 enin]
595 2204 736 2252 prelati
770 2204 809 2240 in
842 2204 922 2240 suis
955 2204 1259 2241 visitacionibus
1294 2205 1513 2252 prudenter
1551 2203 1758 2251 predicare

446 2262 634 2307 Cristum,
668 2275 749 2298 non
781 2262 956 2310 segniter
979 2262 1149 2298 scrutari
1174 2271 1380 2310 questum3
1414 2261 1564 2297 mederi
1597 2262 1758 2297 morbos

480 2429 485 2434 ι
515 2403 534 2422 1.
556 2403 742 2430 congregare
756 2396 794 2422 A.
851 2403 877 2428 2,
892 2394 917 2422 3.
939 2396 975 2422 de
991 2396 1076 2423 fosso
1091 2395 1330 2430 disrumpuntur
1344 2396 1382 2422 A.
1439 2403 1465 2430 7.
1481 2399 1563 2422 amat
1577 2396 1620 2426 Ag
1642 2395 1680 2421 ib.
1703 2395 1758 2421 ini-

446 2430 516 2456 mici
536 2430 600 2457 AB.
668 2430 695 2456 8.
723 2430 755 2456 dt
774 2431 817 2463 A;
841 2430 929 2457 docet
949 2430 981 2457 B.
1050 2438 1092 2457 10.
1113 2430 1205 2465 igitur
1225 2430 1258 2457 C.
1334 2437 1371 2457 12.
1393 2430 1513 2457 notorie
1533 2430 1702 2456 criminoso
1724 2429 1757 2456 (j.

446 2465 486 2491 18.
508 2465 642 2499 regulam
665 2464 699 2491 C.
763 2472 804 2499 19.
826 2465 946 2491 labores
967 2466 1006 2492 A.
1067 2472 1112 2491 20.
1135 2465 1260 2491 nomine
1280 2466 1318 2491 A.
1382 2462 1425 2491 23.
1446 2469 1474 2490 et
1493 2464 1523 2491 in
1544 2472 1648 2491 omnes
1668 2464 1757 2491 MSS.

446 2498 491 2526 30.
514 2499 703 2534 perdicionis
724 2499 758 2526 B.
813 2498 852 2526 31.
874 2499 1067 2526 commixtim
1089 2499 1130 2533 C;
1157 2499 1197 2526 ib.
1219 2499 1344 2526 divisim
1365 2498 1398 2525 Β.
1456 2497 1501 2532 34.
1522 2498 1698 2526 fructificari
1720 2500 1758 2526 A.

520 2592 570 2613 10.
596 2581 707 2623 Slight
725 2580 810 2613 fines
829 2581 883 2613 for
900 2581 1052 2613 offences
1071 2583 1271 2613 committed
1291 2582 1453 2625 brought,
1473 2584 1497 2614 it
1514 2583 1633 2614 would
1652 2592 1758 2621 seem,

446 2638 541 2659 more
573 2638 710 2670 money,
745 2639 791 2659 on
822 2628 880 2659 the
912 2639 1007 2659 same
1040 2629 1208 2670 principle
1234 2639 1278 2659 on
1306 2629 1420 2661 which
1446 2630 1503 2661 the
1530 2630 1649 2671 Penny
1676 2629 1759 2659 Post

446 2674 563 2716 brings
596 2684 638 2705 an
671 2675 824 2705 increase
856 2674 896 2705 of
918 2685 1068 2706 revenue
1094 2675 1128 2706 in
1153 2674 1212 2706 the
1238 2683 1376 2716 present
1403 2677 1480 2718 day.
1597 2685 1646 2706 12.
1679 2675 1706 2705 lt
1731 2675 1758 2705 is

445 2720 524 2751 well
557 2726 591 2750 to
626 2721 738 2751 notice
774 2720 856 2752 here
888 2720 961 2751 that
986 2720 1119 2762 Wyclif
1147 2731 1230 2760 waS,
1264 2722 1450 2764 according
1482 2729 1518 2753 to
1546 2722 1708 2763 Lingard,
1741 2731 1759 2751 a

446 2767 552 2808 priest
576 2766 615 2797 of
637 2766 831 2808 absolutely
858 2767 1135 2808 irreproachable
1161 2767 1219 2798 life
1237 2766 1388 2799 himself.
1415 2769 1468 2799 No
1486 2768 1630 2799 wonder
1646 2767 1758 2798 there—

446 2812 520 2843 fore
546 2812 619 2843 that
649 2812 693 2843 he
727 2813 754 2843 is
786 2813 967 2854 indignant
999 2814 1133 2855 against
1163 2813 1221 2844 the
1253 2814 1358 2856 lenity
1384 2814 1466 2845 with
1493 2813 1607 2845 which
1635 2816 1757 2845 ‘sacer—

446 2859 545 2890 dotes
573 2858 758 2890 fornicarii’
784 2869 876 2891 were
901 2860 1043 2891 treated.

1776 885 1813 906 10

1776 1163 1812 1196 15
