2067 3298
264 245 338 282 162
980 255 1204 286 JOHANNIS
1232 255 1416 286 WYCLIF
1698 252 1788 281 CAP.
1808 253 1860 281 XI.

278 366 423 402 Suppose
443 365 508 393 that
547 360 663 409 redit,
702 373 793 398 curn
826 361 875 398 sit
908 362 1047 398 eadem
1081 361 1297 399 sentencia.
1345 362 1410 407 Ut,
1444 360 1576 409 posito
1611 363 1720 410 quod
1753 374 1859 411 papa

272 401 507 464 {ffaosseencfftlffi‘ss
546 419 805 458 Innocencius
849 419 994 457 tercius
1023 415 1028 473 Ι
1057 419 1242 456 statuerit
1287 420 1396 468 quod
1440 419 1684 469 quicumque
1732 420 1858 457 laicus

256 472 277 499 it
298 480 399 534 §135ss
417 472 529 533 Ῐῐζζζῑᾶι
547 478 824 516 comunicatus
858 478 977 514 fuerit
1007 478 1069 515 die
1093 490 1341 527 parasceves,
1367 490 1449 514 non
1471 477 1512 514 in
1536 479 1698 526 pascha,
1723 488 1860 527 peccet

256 542 465 584 Qornmunion
491 549 528 580 on
547 536 768 573 mortaliter
808 546 843 573 et
882 536 938 573 sic
978 536 1149 584 graviter
1187 536 1389 585 puniatur,
1436 536 1648 573 blasfemat
1680 536 1859 583 indubie,

256 577 769 639 fssffifddfflffeagkeffhereticans
810 595 945 631 fideles
985 603 1022 631 et
1060 607 1184 643 papas
1224 594 1291 643 qui
1332 595 1408 630 hoc
1453 607 1533 631 non
1572 604 1781 632 servarunt
1821 594 1861 631 in

271 648 511 716 blaffishffllytfn
546 653 712 691 ecclesia
756 652 972 701 primitiva.
1019 654 1097 689 Sed
1142 652 1237 701 quid
1282 652 1473 689 stulcius?
1518 666 1607 689 cum
1660 653 1720 689 lex
1771 653 1861 690 talis

544 711 780 748 universalis
826 711 928 747 foret
971 724 1092 759 supra
1136 710 1239 747 vires
1287 710 1510 757 hominum,
1556 724 1693 759 ymmo
1737 724 1859 759 supra

544 769 763 816 racionem,
806 778 843 805 et
880 781 952 817 per
991 781 1240 817 consequens
1273 781 1395 817 supra
1427 770 1567 815 deum3
1601 777 1639 805 et
1672 769 1728 805 sic
1760 770 1861 806 foret

545 827 721 877 quelibet
753 827 843 863 talis
876 827 1063 863 statuicio
1095 839 1310 864 venenosa.

278 893 349 928 Any
370 895 417 918 act
437 891 501 917 that
601 888 650 922 Et
682 886 788 922 istud
819 885 1085 922 confirmatur
1115 898 1159 921 ex
1188 886 1264 921 hoc
1297 886 1406 934 quod
1440 893 1532 921 ante
1565 885 1686 921 talem
1721 884 1860 921 statui-

253 926 528 990 usfoddaglfflesfot
544 944 701 981 cionem
737 944 839 980 foret
872 946 1143 992 quodcunque
1181 944 1261 980 tale
1299 956 1400 991 opus
1440 955 1483 979 ex
1526 943 1589 980 dei
1622 943 1861 980 ordinancia

252 996 711 1061 mssffissffssffifflffssffiliberum
754 1011 873 1050 atque
912 1011 1113 1049 neutrum,
1160 1002 1229 1038 sed
1274 1011 1363 1050 post
1399 1001 1681 1038 statuicionem
1724 1002 1859 1048 talem,

257 1069 315 1094 and
338 1075 408 1094 man
430 1066 518 1093 could
542 1070 585 1097 ut
618 1061 791 1109 fingitur,
826 1069 884 1096 est
915 1073 1015 1109 opus
1049 1059 1320 1108 dampnabile,
1356 1068 1392 1096 et
1426 1059 1509 1096 eius
1542 1060 1777 1108 oppositum
1810 1061 1860 1096 ad

251 1104 319 1138 give
340 1106 526 1129 commanus
633 1119 638 1125 .
782 1119 787 1124 .
840 1119 846 1124 .
1274 1118 1281 1124 .
1526 1118 1532 1123 .
1565 1117 1572 1124 .
1636 1117 1642 1123 .

291 1138 391 1164 which
415 1136 483 1163 (jod
543 1129 730 1156 meritum
764 1120 1001 1155 l1m1tatum:
1051 1131 1156 1167 ergo,
1196 1120 1375 1155 sublacet
1413 1127 1645 1154 statuicmm
1685 1119 1860 1154 humane

324 1175 445 1199 cannot.
541 1178 675 1214 taliter
707 1177 908 1223 ordinare,
943 1178 1052 1225 quod
1070 1177 1226 1214 videtur
1260 1178 1334 1213 deo
1357 1189 1438 1212 non
1460 1188 1576 1224 posse
1610 1185 1858 1225 competere3

543 1237 748 1284 quomodo
782 1248 876 1284 ergo
910 1234 1048 1271 liceret
1080 1234 1280 1271 illiberare
1314 1247 1415 1283 opus
1449 1234 1524 1281 dei,
1565 1236 1673 1283 quod
1706 1243 1860 1271 eterna-

257 1307 282 1334 [f
300 1306 368 1333 (jod
390 1314 469 1333 were
490 1311 520 1332 to
542 1294 632 1330 liter
655 1293 856 1330 ordinavit
879 1306 962 1330 esse
985 1293 1040 1329 sic
1062 1293 1259 1329 liberum?
1293 1295 1403 1339 Item,
1437 1292 1469 1329 si
1492 1306 1592 1341 opus
1614 1293 1693 1329 tale
1716 1292 1857 1341 incipit

250 1342 524 1411 {gffnsssvaefiffslfffffss
543 1365 625 1388 esse
674 1352 945 1400 dampnabile,
999 1364 1088 1388 cum
1142 1351 1231 1387 talis
1275 1351 1486 1388 instituens
1530 1364 1612 1388 non
1660 1352 1708 1387 de
1752 1352 1859 1388 facto

249 1411 741 1473 {ffgsslgffitfflg{Ofextollitur
787 1423 909 1458 supra
961 1411 1094 1456 deum,
1148 1418 1308 1457 oportet
1350 1411 1469 1446 deum
1515 1422 1654 1446 verum
1700 1421 1744 1445 ex
1781 1418 1860 1446 sta-

266 1482 317 1509 the
340 1481 399 1509 Old
422 1482 504 1508 Law.
538 1468 715 1505 tuicione
767 1468 899 1505 servili
944 1480 1109 1516 gravare
1152 1476 1335 1515 tempore
1380 1467 1512 1515 gracie
1563 1468 1691 1516 legem
1736 1480 1857 1516 pene:

539 1528 647 1575 quod
699 1535 898 1575 repugnat
949 1525 1104 1562 racioni
1156 1525 1352 1562 libertatis
1398 1534 1435 1562 et
1480 1525 1669 1562 bonitatis
1715 1525 1857 1563 divine.

539 1587 639 1632 Que,
678 1597 791 1633 rogo,
837 1584 1000 1621 libertas
1034 1584 1074 1620 in
1106 1584 1193 1630 deo,
1240 1585 1348 1632 quod
1390 1584 1651 1621 necessitetur
1693 1592 1860 1632 propter

537 1643 821 1680 statuicionem
856 1644 903 1679 de
936 1641 1120 1690 possibili
1153 1641 1349 1678 anticristi
1373 1642 1517 1690 punire
1549 1654 1707 1679 servum
1740 1655 1855 1678 suurn

536 1701 711 1739 severius
755 1701 839 1738 sine
884 1701 1027 1737 causa?
1075 1700 1315 1737 Anticristus
1360 1709 1508 1747 autem,
1556 1701 1685 1749 legem
1736 1700 1856 1737 istam

258 1768 376 1796 Should
396 1770 510 1797 Robert
537 1760 754 1806 stabiliens,
796 1759 896 1807 petit
935 1760 1011 1795 hoc
1050 1758 1263 1795 metricum
1305 1758 1515 1807 proprium
1548 1759 1623 1796 soli
1657 1760 1753 1795 deo:
1794 1759 1857 1795 Sic

246 1806 521 1875 Offfigfgaaffiss‘e
538 1819 638 1865 volo,
671 1819 725 1855 sic
758 1819 887 1861 iube0,·
917 1818 966 1853 sit
994 1829 1070 1866 pro
1106 1818 1261 1853 racione
1295 1818 1484 1853 voluntas.
1519 1818 1632 1862 Item,
1667 1816 1856 1866 possibile

264 1874 487 1947 ngtblfflssngnae
538 1886 595 1913 est
628 1877 737 1925 quod
776 1875 888 1912 sicud
927 1875 967 1911 in
1011 1875 1159 1911 talibus
1197 1875 1350 1911 neutris
1390 1876 1469 1912 duo
1509 1884 1730 1912 statuentes
1764 1888 1856 1912 con-

357 1928 364 1937 ί
492 1934 498 1946 7

260 1944 328 1972 God
350 1947 452 1973 would
476 1947 510 1974 be
537 1934 657 1971 trarie
683 1937 769 1979 (nec
793 1943 851 1970 est
874 1933 995 1980 raciO,
1030 1946 1154 1982 quare
1177 1946 1292 1979 unus,
1324 1933 1421 1982 quin
1444 1946 1514 1981 per
1537 1934 1643 1970 idem
1667 1936 1853 1982 uterque)

247 1980 520 2051 mtffglifffflbt‘ssnd
537 1992 652 2029 inniti
686 1994 803 2029 debet
834 2001 877 2028 ut
910 1991 1098 2028 statuicio
1132 2005 1203 2028 sua
1236 1993 1361 2028 robur
1393 1993 1552 2039 habeat,
1593 2001 1631 2028 et
1670 1991 1726 2028 sic
1760 1994 1856 2028 deus

256 2051 513 2114 reffiffsijhfgfflflfhe
537 2050 852 2088 contradictoria
885 2051 1143 2099 approbaret.
1184 2051 1395 2086 Summum
1430 2049 1566 2099 itaque
1600 2050 1854 2097 miraculum,

298 2128 382 2148 same
403 2126 459 2148 act.
536 2111 604 2145 sed
638 2122 794 2145 summe
830 2118 1144 2154 monstruosum,
1179 2109 1282 2145 foret
1315 2108 1435 2144 simul
1467 2117 1649 2157 ternpore
1689 2120 1855 2156 gravare

537 2176 574 2204 et
606 2167 804 2204 facilitare
837 2169 976 2204 eadem
1001 2179 1138 2215 opera.
1174 2168 1226 2203 Ut
1249 2166 1280 2203 si
1304 2166 1549 2215 gilbonensis
1572 2175 1723 2203 statuat
1747 2167 1855 2215 quod

534 2225 664 2262 omnis
688 2225 814 2262 fidelis
831 2224 1155 2262 comunicabitur
1171 2224 1234 2261 die
1251 2237 1500 2273 parasceveS,
1525 2238 1606 2261 non
1628 2225 1669 2261 in
1689 2225 1853 2273 pascha,

535 2292 573 2320 et
587 2285 773 2321 Urbanus
796 2292 932 2320 noster
954 2292 1116 2330 statuat,
1141 2284 1250 2331 quod
1274 2283 1401 2319 solum
1428 2283 1468 2318 in
1493 2283 1556 2319 die
1574 2284 1853 2331 pentechostes

532 2342 594 2379 vel
632 2341 711 2379 alio
751 2354 1004 2391 quocunque,
1045 2350 1082 2378 et
1120 2350 1290 2389 uterque
1329 2350 1517 2378 annectat
1553 2353 1698 2389 penam
1738 2341 1853 2390 spiri-

533 2400 696 2447 tualem,
736 2409 847 2449 patet
873 2402 981 2449 quod
1013 2413 1094 2436 non
1128 2399 1258 2436 maior
1290 2399 1393 2436 foret
1425 2399 1641 2436 necessitas
1674 2400 1714 2436 in
1747 2399 1852 2436 dicta

605 2544 624 2563 1.
647 2535 746 2562 reddit
767 2535 808 2569 C;
835 2535 874 2562 ib.
897 2535 978 2570 quod
1007 2535 1047 2567 C;
1070 2535 1109 2561 ib.
1131 2535 1237 2561 eadem
1265 2535 1348 2562 deest
1368 2534 1401 2561 B.
1492 2542 1518 2561 2.
1540 2535 1654 2562 tercius
1679 2535 1765 2561 deest
1792 2534 1851 2562 BC.

533 2579 562 2604 4.
584 2575 656 2597 tunc
692 2578 739 2597 ΠΥ)
766 2575 794 2597 et
821 2570 863 2597 sic
891 2570 922 2597 B.
1008 2569 1021 2596 5
1053 2568 1188 2596 sman'nt
1208 2581 1240 2592 z
1261 2574 1463 2597 servaverunt
1483 2569 1517 2597 C.
1610 2577 1652 2599 10,
1675 2578 1708 2597 11.
1730 2569 1852 2596 institu-

534 2606 653 2632 cionem
698 2626 703 2631 .
777 2613 819 2639 14.
841 2605 927 2640 after
941 2604 1085 2631 meritum
1108 2604 1201 2631 blank
1214 2612 1316 2639 space,
1338 2606 1384 2631 tffi
1399 2604 1432 2631 Β.
1507 2605 1543 2632 15.
1560 2613 1619 2631 non
1637 2612 1729 2639 posse
1744 2603 1801 2630 deo
1816 2603 1851 2631 C.

535 2648 576 2674 19.
605 2648 711 2666 verum
738 2640 824 2666 deest
849 2641 881 2666 B.
1026 2647 1069 2666 22.
1097 2647 1155 2674 que
1182 2638 1216 2666 C.
1358 2639 1402 2666 25.
1431 2640 1594 2674 proprium
1625 2639 1681 2666 soli
1709 2638 1793 2665 deest
1817 2638 1850 2666 C.

534 2682 576 2705 27v
595 2675 655 2701 sint
669 2675 701 2701 B.
758 2674 800 2701 32.
817 2683 910 2710 opera
926 2674 972 2701 dei
991 2673 1056 2708 BC3
1078 2674 1114 2700 ib.
1132 2674 1334 2708 gibbonensis
1350 2674 1382 2701 B.
1447 2672 1492 2707 34.
1511 2674 1709 2709 petechosten
1725 2674 1790 2707 (sic)
1806 2674 1850 2706 A;

535 2712 728 2755 pethecostes
750 2720 783 2748 C.
857 2719 903 2747 36.
926 2720 998 2755 quid
1021 2721 1058 2747 A.

608 2803 658 2835 15.
684 2804 762 2835 Non
784 2813 890 2843 posse
916 2807 1124 2844 competere.
1153 2804 1307 2834 Because
1327 2803 1351 2833 it
1369 2803 1396 2833 is
1415 2802 1621 2844 impossible
1644 2809 1680 2833 to
1699 2812 1851 2844 suppose

536 2849 613 2881 God
632 2850 769 2891 leaving
787 2860 827 2880 us
846 2860 891 2880 no
911 2850 1022 2880 action
1040 2849 1113 2880 that
1131 2859 1183 2880 we
1203 2860 1259 2881 are
1284 2849 1354 2880 free
1373 2856 1408 2880 to
1429 2849 1529 2880 make
1548 2859 1587 2879 or
1604 2855 1666 2880 not
1683 2855 1718 2880 to
1738 2848 1849 2880 make.

536 2896 588 2936 25,
617 2895 670 2928 26.
695 2896 852 2927 Juvenal.
880 2897 948 2929 Sat.
966 2897 1021 2936 VI,
1048 2896 1070 2926 1.
1098 2897 1175 2928 223.
1204 2897 1281 2928 Hoc
1307 2896 1396 2936 volo,
1421 2896 1471 2927 sic
1487 2896 1608 2938 jubeo,
1636 2902 1699 2927 etc.

1899 421 1959 456 60¹³

1879 598 1894 630 5

1884 899 1922 920 10

1880 1180 1916 1212 15

1877 1481 1918 1502 20

1876 1762 1915 1794 25

1872 2343 1912 2376 35

1970 889 2010 921 E.
