2067 3298
92 2059 128 2090 C.

242 251 330 290 cApp
350 262 431 289 vm.
697 264 756 295 DE
783 263 1090 295 BLASPHEMIA.
1775 267 1785 290 1
1803 267 1815 290 1
1830 254 1848 291 3

300 372 419 416 Quod
452 370 545 419 quia
579 370 739 406 difficile
773 378 831 406 est
853 370 1023 406 fundare
1046 369 1106 406 vel
1130 370 1305 414 credere,
1340 368 1431 404 ideo
1455 369 1557 405 foret
1616 375 1693 402 This
1715 375 1783 403 bein

241 428 552 465 fundamentum
591 427 864 465 necessarium
903 427 944 464 in
981 427 1058 463 ista
1104 426 1273 463 materia
1312 439 1558 475 cognoscere
1598 409 1824 472 Ἐὲἀὲἶὲζῗιξξέ

242 486 338 535 quid
361 486 599 535 descriptive
628 495 685 523 est
708 485 948 535 penitencia,
984 494 1022 522 et
1045 485 1142 534 quid
1164 484 1313 522 vocalis
1345 484 1556 531 confessio,
1625 480 1801 542 ὃζὲζζῒηξξξῖ

242 557 318 593 que
351 544 499 581 dicitur
531 546 752 581 secundum
786 544 961 593 speciem
996 544 1047 580 ad
1070 543 1242 580 salutem
1266 542 1402 579 anime
1425 542 1558 591 requi·
1602 550 1697 586 really
1716 549 1753 584 is,
1775 549 1825 577 for

213 605 222 610 ,
264 602 270 608 .
476 605 478 607 ,
590 602 597 609 .
1436 601 1442 606 -
1602 584 1771 619 according
1790 588 1821 611 to

208 614 224 637 ο
241 610 328 639 Sita.
366 605 446 639 Nec
480 612 538 639 est
560 604 704 651 dignus
727 603 886 639 lucrum
910 615 984 650 pro
1008 602 1084 638 hoc
1107 610 1362 638 sacramento
1387 613 1555 650 exigere,
1602 619 1653 646 the
1674 619 1820 653 Faffiers,

242 661 310 709 qui
342 660 470 697 nescit
502 661 774 709 penitenciam
809 673 931 709 quam
966 659 1136 709 requirit
1168 673 1190 696 a
1223 659 1386 696 comuni
1419 659 1558 696 distin·
1579 653 1849 725 ξξῑξοξοέξῗέἐὲἓ,

241 731 380 766 gwere.
415 722 517 755 Nam
540 721 662 756 verba
696 728 932 756 sanctorum
965 720 1179 755 doctorum
1210 731 1291 754 non
1315 717 1559 754 convincunt

241 776 513 825 penitenciam
547 790 668 826 quam
703 777 925 826 requirunt.
961 776 1115 813 Recitat
1150 776 1256 812 enim
1291 776 1482 824 magister
1510 779 1556 821 40

240 835 550 880 sentenciarum,
586 836 675 872 dist.
703 849 763 882 14.
789 836 995 884 quomodo
1028 836 1168 871 beatus
1190 833 1430 870 Ambrosius
1463 833 1560 870 dicit
1586 839 1744 867 Ambrose
1764 840 1837 867 calls

188 907 226 927 10
241 895 351 941 quod
384 893 613 942 penitencia
647 902 705 930 est
729 903 896 942 peccata
918 893 1112 941 preterita
1144 893 1349 941 plangere,
1385 901 1422 928 et
1445 892 1558 940 plan·
1584 875 1845 948 ginapcfeog‘tgatgte

241 953 371 999 genda
404 951 550 988 iterum
583 965 665 988 non
699 952 922 988 comittere.
958 954 1006 988 Et
1038 953 1177 987 beatus
1212 950 1429 999 Gregorius
1463 949 1559 986 dicit
1575 944 1728 1006 51ἒὲωῇἓῇ
1743 949 1850 1007 illigat?

241 1011 352 1058 quod
392 1009 573 1058 penitere
614 1018 671 1046 est
716 1019 881 1058 peccata
926 1019 1111 1046 anteacta
1150 1009 1297 1045 deflere
1343 1017 1381 1045 et
1424 1009 1559 1044 flenda
1653 1014 1775 1049 agai11”.

240 1067 387 1104 iterum
403 1080 484 1104 non
503 1068 769 1104 committere.
791 1070 903 1105 Patet
920 1067 1051 1116 primo
1068 1068 1177 1116 quod
1195 1075 1366 1115 utraque
1389 1066 1558 1103 istarum
1599 1048 1745 1111 Gregffiye
1760 1057 1831 1077 uses

242 1125 567 1173 descripcionum
601 1136 833 1162 sanctorum
865 1125 1050 1174 implicat
1072 1125 1344 1173 penitenciam
1369 1137 1451 1161 non
1475 1136 1558 1160 esse
1582 1119 1844 1189 pg'gffigffissgisfig

1725 1177 1731 1188 ⁷
1816 1190 1821 1193 .

188 1186 224 1218 15
241 1193 563 1231 sacramentum3
609 1184 703 1233 quia
747 1185 953 1233 planctum
1006 1183 1280 1220 insensibilem
1334 1182 1375 1219 in
1424 1191 1557 1219 mente
1591 1188 1692 1216 inthe
1714 1189 1840 1223 sou1,1s

241 1242 536 1278 absconditum.
569 1242 738 1278 Videtur
772 1246 816 1278 20
843 1244 951 1291 quod
983 1255 1067 1278 non
1099 1251 1157 1278 est
1186 1240 1426 1290 penitencia,
1461 1242 1557 1276 dum
1573 1224 1852 1293 }J}t11⁵{²¹¹it⁰ss¹,}*s'v²s¹12dt

241 1300 434 1336 confitens
458 1300 664 1336 recidivat.
689 1303 737 1336 Et
756 1313 827 1349 per
843 1313 1092 1349 consequens
1116 1313 1198 1336 non
1221 1308 1279 1337 est
1302 1300 1343 1335 in
1357 1307 1557 1347 potestate
1573 1293 1850 1364 SssXliSStercgggattgg3

241 1358 421 1394 cristiani
445 1359 652 1406 complere
675 1359 948 1407 penitenciam
971 1358 1105 1395 fratris
1140 1357 1213 1405 sui,
1249 1370 1337 1394 cum
1375 1357 1424 1394 sit
1449 1366 1558 1394 extra
1585 1371 1624 1390 no
1645 1371 1703 1390 one
1724 1371 1779 1390 can
1801 1363 1841 1390 do

240 1425 483 1464 potestatem
523 1429 638 1453 suam
670 1417 801 1454 facere
845 1418 954 1465 quod
987 1416 1183 1453 confitens
1217 1425 1429 1464 peccatum
1464 1428 1558 1452 con-
1598 1406 1746 1466 &0¹¹1ssssssss
1766 1400 1827 1460 {iisd

185 1487 226 1508 20
241 1474 388 1510 fessum
421 1474 594 1523 amplius
633 1488 715 1511 non
754 1475 952 1512 comittat.
998 1477 1047 1511 Et
1088 1475 1250 1521 iterum,
1297 1474 1556 1511 manifestum
1600 1468 1778 1495 confession
1799 1468 1825 1495 is

1603 1511 1821 1539 unneCeSSal'y.

242 1541 300 1569 est
340 1534 447 1581 quod
486 1533 577 1569 talis
617 1533 845 1581 penitencia
889 1542 1021 1582 potest
1059 1533 1234 1581 perfecte
1273 1532 1434 1580 impleri
1474 1531 1558 1568 sine
1591 1537 1638 1564 To
1660 1538 1835 1577 saythara

242 1591 491 1628 confessione
515 1592 690 1639 generali
722 1593 784 1628 vel
817 1591 981 1640 speciali
1014 1592 1120 1628 facta
1142 1590 1309 1640 proprio
1343 1589 1556 1627 sacerdoti.
1580 1574 1851 1643 ggtssttysggfinbggnbg?

241 1650 330 1685 Non
370 1649 476 1685 enim
515 1650 620 1686 valet
659 1649 942 1698 sophisticacio
988 1662 1067 1698 qua
1107 1649 1254 1686 dicitur
1287 1650 1396 1698 quod
1436 1661 1557 1685 nemo
1615 1643 1815 1714 sggssss}‘g{¹fy{3

241 1706 385 1743 iterum
420 1707 637 1744 committit
659 1717 826 1756 peccata
854 1708 1049 1757 preterita
1082 1709 1150 1744 sed
1184 1707 1275 1754 alia,
1310 1707 1404 1756 quia
1437 1706 1557 1743 nimis
1579 1711 1677 1740 What
1696 1722 1723 1740 ιε
1743 1717 1847 1740 meant

185 1768 224 1801 25
244 1774 302 1801 est
335 1767 443 1813 quod
477 1766 661 1802 comittat
695 1768 834 1803 eadem
867 1766 908 1803 in
940 1766 1086 1814 specie.
1615 1748 1817 1810 gzrtthgfsgffie

301 1825 402 1860 Cum
441 1824 562 1872 igitur
601 1834 684 1861 tam
724 1825 852 1861 sancti
894 1826 1081 1861 doctores
1121 1833 1157 1860 et
1195 1833 1278 1860 tam
1320 1823 1557 1860 excellentes
1598 1828 1640 1857 So
1661 1829 1711 1856 the
1731 1829 1828 1856 above

241 1881 430 1929 capitales
465 1882 631 1919 ecclesie
663 1882 719 1919 sic
752 1883 1053 1931 descripserunt
1086 1881 1358 1930 penitenciam
1393 1878 1456 1933 (ex
1479 1894 1558 1930 qua
1584 1864 1842 1934 meptaergplcllpltaw

240 1939 516 1988 descripcione
549 1941 729 1989 sequitur
753 1943 861 1989 quod
886 1941 1023 1977 fideles
1057 1954 1139 1977 non
1171 1949 1387 1977 teneantur
1408 1939 1555 1976 virtute
1584 1933 1824 2004 'geciiasffgetihsaz

240 1998 481 2034 sacramenti
497 1998 723 2046 penitencie
747 1999 930 2036 confiteri
953 2008 1119 2047 peccata
1143 2011 1214 2035 sua
1237 1997 1402 2046 proprio
1427 2009 1556 2034 sacer·
1574 2003 1674 2030 virtue
1696 2004 1734 2039 by
1748 2004 1849 2031 which

181 2060 225 2092 30
243 2056 356 2103 doti),
389 2056 547 2093 videtur
570 2059 677 2106 quod
700 2058 760 2093 lex
783 2058 965 2105 predicta
996 2057 1046 2094 sit
1071 2057 1303 2105 corruptela
1326 2055 1558 2104 symoniace
1597 2046 1653 2100 gfff
1669 2047 1755 2107 ἓξὲξ)
1772 2039 1831 2101 {gil

242 2113 484 2152 introducta.
519 2117 601 2151 Nec
630 2125 828 2164 repugnat
858 2115 1052 2152 diffinicio
1082 2115 1310 2164 penitencie
1342 2127 1464 2163 quam
1490 2114 1559 2150 dat
1581 2109 1847 2171 lealffissnfferifloffe

243 2172 431 2220 magister
463 2172 626 2219 ibidem,
661 2173 812 2210 scilicet
845 2175 955 2222 quod
988 2173 1217 2222 penitencia
1251 2182 1308 2209 est
1339 2172 1464 2209 virtus
1498 2171 1558 2208 vel
1574 2178 1678 2213 things
1696 2178 1849 2213 invisible,

241 2230 375 2278 gracia
420 2244 498 2279 qua
538 2231 709 2268 comissa
748 2233 854 2268 mala
888 2245 977 2268 curn
1015 2231 1316 2268 emendacionis
1350 2229 1559 2279 proposito
1575 2213 1849 2287 sacigrsserxicitgizen

240 2289 468 2336 plangimus
508 2298 545 2325 et
584 2289 757 2336 odimus,
809 2299 846 2326 et
884 2291 1114 2339 plangenda
1152 2290 1298 2326 iterum
1348 2288 1560 2325 comittere
1593 2284 1702 2319 hythe
1724 2288 1828 2318 priest.

184 2347 440 2383 35nolumus.
493 2347 558 2384 Sic
603 2347 724 2395 enim,
776 2348 958 2397 inquam,
1011 2348 1118 2385 iuxta
1163 2360 1286 2396 genus
1332 2346 1561 2395 penitencia

239 2404 341 2441 foret
374 2418 497 2441 unum
532 2406 762 2443 insensibile
791 2416 828 2443 et
850 2420 932 2444 non
955 2415 1272 2450 sacramentum,
1309 2414 1347 2442 et
1370 2418 1441 2454 per
1466 2418 1561 2442 con-

312 2548 331 2566 1.
352 2544 380 2567 et
395 2548 456 2575 pro
476 2541 523 2567 vel
544 2539 578 2568 C.
654 2549 687 2568 11.
710 2542 906 2568 committere
927 2541 960 2569 C.
1036 2549 1075 2569 12.
1098 2540 1182 2576 quod
1198 2541 1282 2567 deest
1300 2540 1334 2568 C.
1410 2549 1451 2572 14.
1474 2547 1562 2567 sanc-

241 2579 343 2601 torum
364 2575 451 2602 deest
468 2575 502 2602 (j.
576 2582 619 2602 22.
641 2576 687 2602 vel
710 2576 836 2611 speciali
858 2577 941 2603 deest
959 2576 994 2604 C.
1069 2584 1116 2609 24.
1139 2584 1197 2610 que
1213 2583 1274 2610 pro
1313 2575 1385 2611 quia
1406 2575 1465 2602 BC.

311 2669 342 2701 9.
358 2658 446 2690 Petr.
458 2659 691 2691 Lombardus.
702 2660 746 2691 IV
757 2660 1030 2699 Sentenciarum,
1042 2670 1070 2691 c.
1086 2670 1136 2700 14,
1152 2670 1161 2690 1
1175 2660 1292 2701 Migne
1306 2666 1329 2691 t.
1343 2657 1561 2701 192‚p.869).

244 2705 296 2736 30.
319 2706 542 2747 Corruptela.
561 2705 638 2737 The
658 2714 755 2738 exact
774 2706 854 2737 drift
871 2706 910 2737 of
924 2706 1086 2749 Wyclif's
1105 2713 1289 2748 argument
1307 2706 1334 2737 is
1353 2716 1390 2737 as
1408 2705 1561 2737 follows.

242 2752 294 2782 He
328 2751 424 2782 takes
458 2751 516 2783 the
550 2753 654 2784 order
685 2760 722 2784 to
758 2753 895 2784 confess
929 2763 1017 2784 once
1051 2763 1069 2783 a
1102 2763 1195 2795 year,
1230 2753 1297 2784 and
1329 2762 1456 2794 proves
1489 2751 1562 2783 that

243 2797 441 2829 confession
467 2799 495 2829 is
521 2805 583 2830 not
608 2809 627 2830 a
653 2806 862 2831 sacrament:
897 2800 1070 2842 therefore
1101 2799 1160 2830 the
1191 2799 1259 2829 law
1284 2799 1312 2830 is
1338 2798 1467 2839 unjust.
1505 2798 1559 2829 To

242 2844 455 2875 understand
481 2844 539 2876 the
566 2847 771 2885 connexion,
798 2857 851 2877 we
880 2852 972 2877 must
1001 2845 1198 2877 remember
1222 2845 1276 2876 his
1301 2845 1440 2887 general
1467 2845 1560 2886 prin-

243 2890 348 2931 ciple:
377 2901 421 2921 no
447 2891 514 2921 law
532 2891 568 2921 *is
595 2892 751 2934 binding,
778 2893 896 2923 unless
922 2893 1106 2933 grounded
1133 2902 1225 2933 upon
1254 2893 1438 2933 Scripture.

1400 2948 1421 2980 8
