2067 3298
201 218 280 252 228
931 226 1156 257 JOHANle
1183 225 1368 256 WYCLIF
1625 223 1713 250 CAP.
1736 222 1801 250 xv.

488 330 770 375 cristianismo,
812 332 1045 382 refrigescet
1077 332 1220 368 caritas
1254 332 1463 367 multorum
1522 333 1604 367 Nec
1638 331 1801 367 dubium
1831 333 1950 366 Matth.

488 388 585 436 quin
618 388 745 424 clerus
777 388 826 424 sit
861 402 979 426 causa
1012 390 1128 426 huius
1160 389 1362 425 facinoris.
1397 389 1445 425 Et
1478 389 1687 437 supposita
1716 402 1804 438 pro-
1830 381 1949 420 XXIV²

486 445 623 494 phetia
656 445 774 483 Cristi
814 455 850 482 et
889 448 1064 495 apostoli
1105 460 1194 483 cum
1236 456 1397 495 experta
1429 447 1597 483 fratrum
1633 447 1805 494 malicia,

486 503 645 540 videtur
678 505 785 552 quod
808 504 884 553 ipsi
907 514 999 541 sunt
1023 506 1140 542 huius
1163 506 1313 541 fructus
1338 505 1433 541 mali
1457 518 1577 541 causa
1601 505 1806 553 precipua.

216 570 265 609 All
288 569 365 608 their
385 577 453 596 care
489 563 581 597 Ideo
614 575 635 597 a
657 563 860 610 fructibus
893 576 1024 599 eorum
1061 564 1300 614 cognoscetis
1332 576 1407 600 eos.
1449 563 1489 600 Si
1521 563 1624 599 enim
1656 564 1840 600 fructus5

211 610 461 669 tiffcitfsssffisegffi
489 619 684 656 sensibilis
727 623 1010 668 perpendatur,
1059 621 1187 658 maior
1228 621 1443 657 solicitudo
1485 634 1622 658 eorum
1670 631 1726 658 est
1759 623 1809 658 ad

217 674 461 735 tgjssgdsssffisstb'tltllff
490 679 719 725 augendum
753 688 903 715 sectam
937 692 1065 729 suam,
1101 681 1149 716 ad
1183 679 1421 728 rapiendum
1456 681 1560 716 bona
1583 693 1807 728 pauperum

226 729 242 743 ἡ

207 752 299 779 poor:
323 744 392 782 how
414 750 468 769 can
490 748 563 783 pro
597 735 676 771 suis
711 736 877 773 edificiis
912 746 948 773 et
981 737 1235 774 vescibilibus
1268 737 1545 785 preparandis,
1594 739 1809 783 Quomodo
1847 743 1889 774 H.

209 777 470 840 {geffhegiazliikeeodf
490 793 610 842 igitur
649 794 750 830 foret
789 807 899 831 mens
938 794 994 831 sic
1033 795 1223 832 distracta
1270 795 1463 844 disposita
1495 797 1545 832 ad
1579 805 1809 832 converten-

234 847 439 875 conversion?
491 853 584 887 dum
620 852 830 900 populum,
863 853 923 889 vel
948 866 1184 890 conversum
1211 853 1433 901 apostolice
1457 853 1809 890 confirmandum?
1830 869 1868 890 10

489 910 672 958 Apostoli
707 909 828 957 enim,
869 911 1013 959 quibus
1046 911 1256 948 interdicte
1290 920 1380 947 sunt
1413 911 1485 948 iste
1519 911 1808 959 solicitudines,

491 980 534 1004 ex
560 968 834 1016 magnitudine
858 969 990 1016 gracie
1014 970 1074 1006 vix
1097 970 1137 1005 in
1161 971 1236 1006 hoc
1260 969 1529 1006 ministerium
1553 970 1808 1007 suffecerunt.

234 1033 301 1061 The
321 1032 430 1060 landed
550 1028 642 1062 Ideo
675 1026 962 1074 possessionati
997 1040 1087 1064 cum
1122 1036 1207 1064 tota
1240 1027 1453 1075 diligencia
1488 1041 1559 1064 sua
1593 1038 1629 1064 et
1662 1028 1810 1076 prediis

200 1068 637 1132 mmsslgsnlffiffinmamplis
683 1084 786 1121 datis
831 1085 886 1121 eis
932 1085 1119 1133 primitus
1165 1099 1247 1122 non
1292 1086 1496 1122 sufficiunt
1530 1086 1727 1135 attingere
1761 1087 1811 1122 ad

223 1138 459 1204 fflfflffldsofflthffisv
492 1142 685 1179 alimenta
748 1152 785 1179 et
837 1152 1069 1191 tegumenta
1122 1144 1290 1180 totidem
1343 1153 1426 1180 tam
1481 1153 1719 1192 sumptuosa
1772 1144 1868 1182 in15

212 1205 294 1234 mus‘t
314 1214 363 1240 get
383 1207 462 1234 their
489 1200 738 1237 vestimentis
785 1209 822 1236 et
868 1202 1067 1248 domibus,
1115 1215 1205 1238 cum
1248 1201 1335 1238 aliis
1370 1202 1549 1250 expensis
1583 1202 1809 1251 superfiuis.

201 1236 477 1312 lnilfggfqgjhbffjsust
493 1260 586 1295 Ideo
631 1272 712 1296 non
759 1268 956 1307 superest,
996 1260 1071 1296 nisi
1105 1269 1148 1296 ut
1180 1261 1240 1297 vel
1280 1260 1522 1297 miraculose
1561 1262 1623 1297 vel
1661 1262 1811 1297 munda

239 1314 387 1373 fflssffgkls'ds·
405 1312 442 1347 by
493 1316 713 1354 elemosina
743 1317 805 1354 vel
838 1317 980 1366 rapina
1002 1318 1253 1366 yppocritica
1276 1318 1354 1354 sint
1378 1318 1544 1367 quesita.
1569 1319 1811 1355 Miraculum

492 1384 625 1411 autem
662 1375 768 1412 circa
802 1385 985 1424 questum
1020 1376 1214 1424 peccunie
1246 1389 1327 1413 non
1359 1377 1528 1425 legimus
1563 1377 1737 1414 Cristum
1773 1376 1813 1412 in

232 1439 372 1477 miracles
394 1447 444 1465 are
491 1445 531 1468 se
554 1433 614 1469 vel
637 1434 718 1470 suis
742 1434 936 1481 apostolis
961 1435 1218 1482 exemplasse.
1243 1436 1292 1471 Et
1316 1436 1449 1483 quoad
1475 1438 1546 1479 2m,
1571 1444 1681 1483 patet
1705 1436 1813 1483 quod
1830 1451 1871 1471 20

252 1474 426 1543 {fflteffiotff
492 1490 712 1528 elemosina
750 1503 794 1528 ex
833 1492 1021 1529 comitiva
1055 1493 1263 1539 excessiva,
1311 1505 1355 1529 ex
1388 1493 1600 1541 superfluis
1634 1492 1813 1541 expensis

201 1544 476 1614 ῑέῧὸᾒῑέξῑὲἰξέἒίζθ
492 1558 529 1585 et
562 1561 606 1585 ex
639 1550 792 1587 vicioso
823 1550 912 1587 ocio
936 1551 1291 1587 elemosinatorum
1316 1551 1507 1588 inficitur.
1541 1553 1623 1587 Nec
1647 1551 1812 1587 dubium

254 1614 316 1641 this
337 1621 421 1645 case2
492 1607 589 1655 quin
646 1608 960 1645 elemosinantes
1014 1622 1222 1658 nunquam
1272 1621 1360 1645 vere
1417 1622 1615 1658 pauperes
1669 1622 1814 1658 egenos

201 1648 474 1719 Ξᾞξξέῑῇζᾏξὶιῖξω
491 1665 752 1712 dimitterent,
799 1675 836 1703 et
881 1666 1016 1703 debita
1059 1668 1241 1715 proximo
1266 1657 1352 1704 ‘suo
1402 1677 1438 1704 et
1484 1667 1603 1704 matri
1649 1667 1814 1704 ecclesie

491 1725 785 1769 subtraherent,
839 1724 915 1760 nisi
970 1737 1041 1773 per
1092 1725 1337 1774 yppocrisim
1391 1726 1533 1762 horum
1587 1726 1811 1762 validorum
1831 1730 1869 1762 2?

493 1782 815 1819 mendicancium
861 1783 1014 1819 seducti
1057 1783 1217 1829 fuerint,
1265 1796 1355 1819 cum
1395 1784 1562 1820 omnino
1596 1783 1813 1821 elemosina

491 1839 581 1876 talis
614 1840 792 1877 inficitur
826 1853 869 1877 ex
902 1850 1014 1889 parte
1047 1842 1230 1888 fratrum,
1278 1841 1345 1890 qui
1377 1854 1450 1878 nec
1483 1842 1552 1888 sic,
1597 1854 1670 1878 nec
1702 1850 1812 1878 tante

492 1909 700 1946 raperent3
735 1908 772 1935 et
804 1908 899 1935 tunc
932 1911 975 1935 ex
1008 1912 1146 1947 grossa
1179 1899 1415 1948 ignorancia
1438 1900 1810 1937 elemosinancium.

493 1957 541 1992 Et
585 1957 640 1993 sic
685 1966 866 2006 superest
902 1957 957 1992 3m
991 1959 1232 2004 membrum,
1281 1960 1388 2006 quod
1423 1958 1565 2007 rapina
1598 1958 1812 2007 dupliciter

493 2027 679 2063 perversa
722 2015 963 2064 perquirunt
1005 2017 1077 2052 hec
1116 2016 1371 2064 temporalia,
1417 2025 1610 2065 tanquam
1644 2017 1870 2065 wulpes.30

210 2079 259 2107 All
282 2079 360 2106 their
379 2078 470 2118 fmits
551 2074 719 2109 Fructus
764 2073 885 2122 igitur
923 2074 1202 2122 phariseorum
1242 2074 1412 2111 istorum
1451 2075 1548 2111 foris
1587 2075 1812 2111 ostenditur

203 2114 479 2176 vfflffisssgtthe
494 2130 534 2166 in
568 2132 811 2180 apparencia
846 2131 1052 2179 signorum
1088 2145 1163 2180 que
1196 2132 1292 2169 foris
1326 2141 1430 2169 sunt.
1480 2134 1572 2169 Ideo
1607 2132 1696 2169 dico
1721 2146 1809 2169 cum

205 2184 469 2254 mgffdeffffggjflffiffi
496 2188 629 2226 Cristo
669 2192 810 2226 Matth.
855 2191 889 2226 5.
935 2191 1021 2225 Nisi
1057 2191 1340 2226 lmbundaverit
1378 2191 1526 2227 iusticia
1561 2198 1689 2227 vestra
1717 2192 1813 2240 plus
1832 2182 1953 2261 Ἀέἓῖἑξ·

203 2253 308 2314 Ilte&
331 2253 477 2314 tociiuiffld
495 2259 607 2295 quam
640 2248 859 2283 scribarum
894 2255 928 2283 et
944 2249 1235 2297 phariseorum,
1269 2262 1341 2285 non
1365 2249 1560 2284 intrabitis
1582 2249 1618 2285 in
1642 2262 1807 2299 regnum
1844 2255 1873 2269 ‘⁷

225 2296 254 2314 ie
309 2296 359 2314 Uir
420 2305 427 2314 a.

251 2324 361 2349 seduce
382 2322 433 2349 the
495 2306 678 2341 celorum.
725 2308 893 2342 Fructus
936 2306 1075 2354 itaque
1121 2307 1304 2354 istorum,
1350 2315 1433 2342 tam
1468 2308 1517 2343 ad
1550 2306 1655 2343 intra
1689 2320 1808 2355 quam
1828 2311 1867 2343 35

284 2357 402 2392 people.
495 2364 545 2398 ad
585 2372 706 2409 extra,
753 2373 809 2400 est
849 2364 954 2400 circa
987 2364 1261 2401 maioritatem
1296 2364 1504 2410 dissensio,
1551 2366 1657 2401 scole
1691 2365 1810 2402 Cristi

495 2421 722 2469 dissipacio,
767 2421 959 2470 simplicis
991 2419 1138 2470 ⁹populi
1182 2423 1355 2470 wulpina
1401 2423 1599 2459 seduccio.
1646 2424 1810 2460 Ululant

495 2478 599 2514 enim
646 2480 809 2516 confuse
856 2489 892 2516 et
937 2480 1098 2516 idiotice
1128 2481 1132 2533 1
1161 2480 1464 2517 infundabiliter
1509 2483 1618 2530 quod
1662 2482 1811 2517 habent
1849 2483 1908 2528 73¹³

564 2659 589 2687 3.
610 2668 679 2687 cum
702 2666 825 2696 peracta
844 2662 888 2695 A;
911 2669 980 2688 cum
1002 2670 1039 2688 ex
1058 2666 1145 2697 parte
1166 2662 1204 2695 13;
1225 2670 1294 2689 cum
1316 2670 1351 2688 ex
1364 2667 1422 2699 pta
1443 2661 1477 2689 C.
1556 2661 1583 2689 8.
1606 2662 1810 2697 preparandis

495 2705 581 2733 deest
598 2707 636 2733 A.
729 2715 769 2734 10.
798 2716 963 2735 onerosum
992 2708 1025 2735 B.
1117 2717 1150 2735 11.
1179 2708 1353 2735 introducte
1378 2709 1419 2735 A.
1510 2716 1548 2735 ιε.
1571 2708 1751 2735 sufficerunt
1770 2709 1808 2735 A.

496 2740 533 2767 13.
558 2741 666 2768 Ymmo
689 2742 709 2767 Β
812 2743 849 2770 15.
877 2747 1094 2777 sumptuosam
1121 2745 1160 2770 A.
1246 2751 1285 2777 17.
1314 2743 1500 2769 miraculosa
1528 2743 1565 2775 ss;
1599 2743 1639 2769 ib.
1667 2743 1748 2769 nuda
1769 2743 1808 2775 Βς

495 2778 567 2813 ffida
588 2786 622 2814 C.
716 2787 755 2814 18.
778 2787 833 2814 fust
853 2788 891 2814 A.
926 2814 957 2820 Ἣ
996 2796 1038 2821 19.
1068 2797 1127 2815 non
1155 2788 1285 2823 legimus
1312 2789 1395 2815 deest
1415 2791 1451 2815 Α.
1560 2796 1600 2815 21.
1631 2788 1810 2815 excomuni-

495 2827 593 2847 cativa
607 2823 645 2848 A.
720 2829 766 2855 24.
784 2823 886 2849 mat'ci
901 2823 980 2849 eccie
995 2834 1026 2846 =
1042 2824 1160 2850 matrici
1177 2823 1302 2850 ecclesie
1318 2823 1351 2850 C.
1423 2824 1469 2853 26,
1485 2831 1529 2857 27.
1546 2824 1755 2850 elemosinatis
1769 2825 1807 2850 A.

495 2863 538 2891 27.
561 2865 591 2882 se
610 2864 669 2890 pro
691 2857 735 2883 sic
755 2858 792 2883 A.
867 2858 912 2884 28.
934 2863 961 2884 et
981 2859 1189 2885 communiter
1205 2859 1238 2885 Β.
1311 2857 1357 2891 34.
1380 2863 1408 2884 ct
1428 2859 1644 2893 phariseorum
1666 2859 1750 2884 deest
1768 2859 1807 2885 A.
