2067 3298
209 240 257 275 50
930 249 1154 280 JOHANNIS
1179 249 1365 280 wvctir
1650 248 1737 276 ων.
1759 249 1810 276 111.

493 356 582 391 loco
615 367 734 404 super
767 367 908 391 omnes
941 357 1144 404 apostolos
1178 356 1259 403 fiat,
1301 366 1337 392 et
1373 357 1505 393 cuncti
1540 358 1668 393 claves
1702 358 1811 405 regni

493 414 670 450 celorum
695 413 908 463 accipiant,
937 423 974 450 et
1003 426 1046 450 ex
1070 426 1173 463 equo
1197 426 1317 462 super
1341 426 1406 451 eos
1431 415 1594 451 ecclesie
1618 415 1811 451 fortitudo

491 471 702 508 solidetur:
736 480 872 508 tamen
906 481 1119 519 propterea
1151 472 1255 508 inter
1284 467 1394 507 12cim
1428 485 1530 508 unus
1560 472 1720 520 eligitur
1754 482 1810 519 ut,

492 529 621 577 capite
654 529 886 574 constituto,
921 529 1119 566 scismatis
1152 530 1315 566 tollatur
1347 529 1548 566 occasio'’.
1583 531 1647 566 Sic
1676 530 1810 578 igitur,

491 587 593 623 sicut
624 599 773 623 nomen
807 596 864 623 est
898 599 1077 623 eversum
1112 587 1153 623 in
1177 596 1430 623 sacramento
1455 587 1605 637 altaris,
1628 589 1845 624 voeando5

209 649 466 689 ssqteverything
489 644 587 680 illud
633 644 819 681 accidens
864 644 949 681 sine
988 645 1191 691 subiecto,
1237 645 1292 681 sic
1331 657 1513 681 eversum
1553 654 1610 681 est
1648 658 1808 689 nomen,

243 693 268 711 ¹⁵
289 685 448 746 changedd
489 702 683 747 officium,
729 711 766 738 et
811 702 984 750 dignitas
1028 703 1292 750 prelatorum.
1333 704 1438 739 Deus
1471 703 1575 739 enim
1611 703 1811 739 ordinavit

216 727 305 746 HOWss
328 724 426 746 lnStess

233 754 267 780 of
285 754 437 789 humility,
489 762 597 807 quod
637 760 875 808 regulariter
914 760 1145 808 pauperior,
1192 760 1384 796 humilior
1428 769 1465 796 et
1504 760 1693 797 servicior
1737 774 1808 809 pro

197 789 473 857 grggtlrigssglfiieilie
488 818 667 854 tollendo
708 818 895 854 scismate
934 819 1036 854 foret
1076 818 1217 855 maior.
1264 819 1342 854 Sed
1381 817 1578 863 diabolus,
1620 820 1807 863 mundus,

265 857 401 885 Church.
488 884 526 911 et
549 888 643 912 caro
663 876 935 923 dogmatisant
954 877 1062 924 quod
1085 877 1192 912 fama
1215 875 1403 924 populari
1423 875 1630 921 celebrior,
1656 878 1808 913 mundo
1829 889 1868 910 10

487 933 617 969 dicior
661 942 697 970 et
743 933 911 981 strepitu
957 934 1172 981 temporali
1217 933 1427 982 potencior
1471 933 1519 969 sit
1564 933 1603 969 in
1643 934 1809 970 ecclesia

487 991 606 1027 Cristi
629 991 830 1039 superior:
866 1000 902 1027 et
925 991 1023 1027 illud
1047 992 1287 1028 blasfemum
1320 991 1575 1027 mendacium
1600 992 1809 1028 confundit

488 1049 714 1085 ecclesiam.

196 1112 268 1139 And
290 1113 352 1152 this
374 1113 400 1140 is
421 1114 471 1140 the
544 1109 655 1151 Item,
690 1115 855 1155 propter
878 1107 1001 1143 talem
1025 1106 1298 1154 principatum
1322 1116 1413 1143 sunt
1439 1106 1583 1154 prelati
1607 1115 1644 1142 et
1668 1119 1805 1142 eorum

206 1150 462 1216 εὲῗῗξρξζῑὲῗὲξγ
485 1165 690 1201 sentencia
723 1165 842 1212 plena
876 1164 1104 1201 blasfemia:
1138 1164 1261 1213 igitur
1293 1174 1351 1201 est
1383 1164 1684 1201 racionabiliter
1716 1166 1807 1200 sub-
1827 1167 1865 1198 15

483 1224 691 1259 trahenda.
743 1224 994 1258 Antecedens
1037 1231 1147 1270 patet
1192 1224 1239 1258 de
1285 1222 1627 1270 multiplicacione
1672 1223 1805 1270 legum

482 1280 701 1328 papalium,
720 1289 763 1316 ut
782 1282 828 1316 de
848 1280 1129 1326 eleccionibus,
1147 1281 1195 1316 de
1211 1280 1521 1328 provisionibus,
1539 1289 1576 1316 et
1594 1279 1804 1328 similibus,

483 1350 560 1386 que
593 1348 685 1374 sunt
718 1351 811 1386 sepe
845 1338 1054 1374 manifeste
1088 1338 1291 1374 contraria
1322 1338 1398 1386 legi
1432 1338 1506 1374 dei.
1548 1339 1649 1374 Cum
1683 1337 1805 1385 igitur

482 1396 557 1432 ista
591 1405 759 1432 causant
782 1396 981 1444 principia
1004 1396 1183 1443 pollitice
1207 1396 1528 1432 conversacionis
1552 1395 1730 1438 ecclesie,
1767 1405 1803 1432 et

486 1454 694 1490 “modicus
719 1467 829 1490 error
852 1454 892 1489 in
916 1453 1115 1501 principio
1139 1453 1188 1489 sit
1212 1466 1331 1490 causa
1355 1453 1589 1501 pergrandis
1614 1453 1653 1489 in
1677 1453 1802 1498 fine'';
1821 1465 1864 1486 20

482 1511 739 1548 manifestum
783 1520 840 1547 est
879 1513 987 1559 quod
1026 1520 1186 1560 oportet
1229 1524 1272 1547 ex
1314 1511 1388 1547 ista
1425 1510 1745 1547 contrariacione
1781 1524 1802 1547 a

480 1570 684 1606 voluntate
701 1569 833 1605 divina
850 1569 1056 1605 ecclesiam
1076 1581 1208 1605 errare
1230 1569 1505 1616 multipliciter
1520 1569 1560 1605 in
1575 1581 1801 1616 progressu.

198 1631 325 1669 Among
344 1633 459 1664 others,
482 1629 530 1663 Et
553 1628 658 1663 idem
682 1636 792 1675 patet
811 1629 858 1663 de
882 1627 1161 1675 indulgenciis,
1182 1627 1396 1675 privilegiis
1421 1636 1457 1663 et
1480 1627 1567 1663 aliis
1584 1626 1801 1663 blasfemiis

199 1665 459 1729 ofairpddigtgfficxgs,
481 1685 713 1733 patentibus
751 1684 984 1723 vendicatis.
1030 1687 1174 1730 Quoad
1214 1686 1318 1732 leges
1359 1685 1606 1734 adinventas,
1648 1684 1800 1720 dictum

284 1737 369 1763 'awg-
482 1752 539 1779 est
572 1743 612 1779 in
645 1751 820 1779 tractatu
854 1744 901 1778 de
926 1743 1117 1790 religione
1143 1746 1187 1778 20
1214 1755 1300 1790 cap.
1335 1745 1438 1779 Nam
1464 1743 1718 1779 manifestum
1744 1752 1801 1778 est
1818 1743 1857 1775 25

481 1803 588 1849 quod
608 1801 936 1849 ewangelizantes
956 1809 991 1837 et
1015 1802 1143 1836 multo
1164 1801 1288 1848 magis
1312 1809 1532 1837 statuentes
1552 1800 1799 1836 contrarium

480 1859 555 1907 legi
588 1859 664 1905 dei,
698 1868 740 1895 ut
764 1858 932 1895 ecclesia
955 1859 1084 1906 ipsum
1110 1860 1307 1903 observet,
1341 1868 1432 1894 sunt
1455 1858 1797 1899 anathematizati,

189 1920 357 1955 ignorance
377 1921 402 1948 is
424 1930 463 1949 no
477 1925 521 1953 ut
560 1918 677 1953 docet
715 1917 923 1964 apostolus
964 1917 1062 1952 Gall.
1102 1920 1154 1952 10.
1199 1919 1281 1952 Nec
1325 1916 1493 1952 dubium
1540 1916 1636 1964 quin
1680 1928 1798 1952 omne
1847 1906 1921 1964 (33¹¹-

190 1957 462 2018 exgigslezlffnvglsstlhe
476 1974 619 2010 falsum
642 1975 702 2010 vel
734 1974 1015 2010 irracionabile
1048 1983 1105 2010 est
1128 1983 1262 2022 preter
1285 1973 1559 2023 ewangelium,
1584 1973 1678 2022 quia
1699 1973 1797 2009 illud
1847 1977 1853 1991 ’
1894 1963 1938 1995 ⁷9

191 2032 282 2086 ffieffils
295 2026 451 2088 dbjiggffig
475 2032 550 2068 sibi
575 2032 838 2068 contrarium.
872 2033 953 2068 Nec
988 2041 1147 2068 excusat
1179 2032 1413 2080 ignorancia
1447 2032 1502 2067 sic
1534 2040 1752 2067 statuentes
1777 2034 1857 2067 asso

198 2094 277 2121 from
299 2095 360 2122 this
381 2096 449 2122 evil.
477 2090 698 2139 blasfemia,
743 2090 838 2138 quia
882 2091 1089 2137 apostolus
1133 2090 1206 2126 fuit
1251 2090 1480 2135 blasfemus,
1533 2091 1713 2137 putando
1758 2101 1797 2125 se

477 2160 619 2195 parare
643 2147 881 2195 obsequium
908 2149 1002 2193 deo,
1038 2156 1079 2183 ut
1112 2156 1221 2195 patet
1243 2147 1402 2183 Thimo.
1435 2151 1488 2183 10.
1522 2148 1648 2183 Multo
1671 2147 1798 2195 magis

478 2205 545 2253 qui
579 2205 701 2253 gratis
735 2206 936 2241 seminant
969 2206 1074 2253 leges
1108 2207 1157 2241 ad
1191 2206 1454 2252 regulandum
1486 2205 1696 2241 ecclesiam
1721 2217 1796 2253 que

1828 2147 1836 2167 1
1857 2136 1951 2167 Tim.

1855 2184 1922 2222 ‚13

546 2358 569 2376 2.
592 2358 653 2385 quo
669 2358 731 2385 pro
752 2358 830 2385 equo
851 2358 954 2378 omnes
974 2350 1065 2378 MSS.
1156 2350 1182 2377 3.
1204 2350 1259 2378 XII
1281 2350 1314 2378 C.
1403 2350 1430 2377 6.
1452 2350 1555 2385 ipsum
1573 2358 1635 2385 pro
1657 2350 1730 2377 illud
1753 2350 1793 2379 C:

475 2408 512 2434 ib.
534 2412 579 2434 est
598 2408 686 2434 deest
704 2407 738 2435 C.
804 2407 831 2436 8.
853 2400 965 2439 s‚mc'(Jr
984 2409 1027 2435 A:
1051 2408 1269 2442 servitiviorff)
1291 2407 1322 2434 B.
1391 2416 1432 2435 10.
1454 2416 1515 2443 quo
1535 2408 1573 2434 A,
1640 2415 1674 2434 11.
1697 2415 1795 2442 popu-

475 2465 529 2492 lari
550 2466 588 2492 A.
651 2473 688 2493 12.
705 2457 804 2492 {fidam
824 2467 862 2492 A.
929 2475 970 2500 14.
992 2456 1105 2512 limita&
1121 2466 1187 2499 (sic)
1207 2466 1245 2492 A.
1312 2464 1352 2491 18.
1375 2473 1446 2500 sepe
1466 2466 1550 2492 deest
1571 2464 1611 2498 C;
1633 2465 1670 2491 ib.
1693 2465 1740 2506 dei
1755 2466 1793 2491 A.

474 2521 517 2549 23.
540 2523 697 2550 blasfemis
718 2523 757 2557 ss;
780 2522 949 2550 blasfemiis
971 2523 1005 2551 C.
1073 2522 1117 2558 23,
1139 2531 1186 2557 24.
1208 2514 1339 2550 blasser
1360 2524 1447 2558 ροῑῑ1η
1468 2524 1506 2550 Α.
1580 2530 1628 2556 24.
1650 2509 1737 2558 ffoffl‘ff
1759 2523 1792 2550 C.

474 2582 520 2607 20.
542 2580 673 2607 scientes
694 2581 732 2607 A.
814 2567 940 2616 28.“g}lla
960 2582 998 2608 Α.
1077 2581 1123 2608 26.
1145 2585 1190 2607 est
1210 2580 1294 2608 deest
1315 2581 1352 2613 Βς
1382 2581 1420 2607 ib.
1443 2580 1524 2607 aliud
1546 2581 1590 2613 Ας
1619 2580 1734 2615 aliquid
1758 2580 1791 2607 C.

474 2633 516 2660 27.
539 2626 749 2660 ignoranciam
772 2626 813 2661 C;
840 2627 878 2654 ib.
900 2635 915 2653 a
936 2627 1022 2654 deest
1043 2626 1077 2654 C.
1151 2634 1196 2661 29.
1220 2627 1276 2653 deo
1298 2627 1385 2654 deest
1403 2627 1440 2654 A.

543 2731 596 2752 20.
622 2723 797 2753 Aristotle.
824 2723 925 2753 Polit.
945 2723 985 2762 V,
1014 2733 1041 2753 c.
1070 2723 1086 2753 3
1116 2722 1184 2764 (ed.
1211 2722 1329 2761 Didot,
1357 2723 1425 2753 vol.
1454 2722 1476 2761 I,
1504 2732 1537 2763 p.
1566 2720 1641 2761 568,
1669 2722 1691 2752 1.
1717 2720 1790 2762 48).

472 2767 558 2798 This
590 2768 720 2799 dictum
755 2769 782 2799 is
813 2779 896 2810 very
930 2769 1125 2811 frequently
1159 2769 1290 2810 quoted
1323 2768 1366 2810 by
1401 2769 1557 2809 Aquinas
1589 2769 1655 2799 and
1689 2768 1789 2799 other

472 2814 641 2844 medieval
669 2814 810 2845 authors
843 2815 875 2845 in
909 2816 1030 2856 regard
1064 2822 1099 2846 to
1133 2814 1390 2856 philosophica]
1423 2814 1533 2848 truth:
1573 2814 1634 2845 but
1661 2813 1793 2856 Wyclif

472 2870 587 2890 seems
613 2867 648 2890 to
676 2861 868 2902 employ'it
895 2862 927 2892 iu
955 2860 1057 2892 much
1085 2861 1143 2892 the
1170 2871 1265 2892 same
1292 2871 1393 2891 sense
1420 2871 1456 2891 as
1484 2861 1660 2891 Aristotle.
