2067 3298
275 238 363 265 CAP.
385 237 437 264 IV.
740 240 798 271 DE
826 240 1133 271 BLASPHEMIA.

276 358 346 395 per
378 346 560 382 doctrine
593 358 834 391 sermonem,
870 355 1047 394 potestas
1082 348 1156 382 hoc
1190 346 1360 394 imperet
1384 359 1454 394 per
1478 346 1594 382 disci-

276 404 383 452 pline
437 413 646 440 terrorem.
704 405 806 452 Sepe
854 416 925 452 per
976 417 1143 452 regnum
1195 413 1399 440 terrenum
1453 405 1594 440 celeste

277 474 442 509 regnum
485 461 654 509 perficit,
694 470 736 497 ut
777 462 858 510 qui,
899 461 1003 498 intra
1037 462 1246 498 ecclesiam
1281 462 1415 510 positi,
1457 470 1596 498 contra

277 520 397 556 fidem
423 528 459 555 et
484 518 739 567 diseip1³nan1
764 529 900 568 agunt,
925 520 1055 568 rigore
1072 519 1301 568 principum
1326 520 1595 556 terreantur''.

245 579 413 623 5Quare
433 590 526 625 ergo
543 590 624 613 non
647 587 830 614 exercent
854 579 959 614 hunc
982 577 1161 625 gladium
1186 579 1236 614 ad
1260 579 1335 614 hoc
1359 578 1432 614 sibi
1458 579 1596 614 datum

279 649 300 672 a
325 636 412 681 deo,
446 644 489 671 ut
523 636 768 683 compellant
791 635 1022 684 yppocritas
1046 635 1196 672 intrare
1219 636 1454 684 religionem
1479 634 1599 672 Cristi

279 706 399 742 quam
433 693 530 729 false
562 693 826 741 profitentur?
866 694 1193 742 “Coglioscant,''
1227 693 1357 742 inquit
1389 693 1597 738 Ysidorus,

280 750 511 799 “principes
555 751 676 787 seculi
721 753 795 788 deo
839 764 879 787 se
920 753 1064 788 debere
1112 751 1331 798 racionem,
1372 751 1599 787 reddituros

281 821 365 845 esse
405 809 530 845 eciam
572 818 737 857 propter
778 809 986 846 ecclesiam
1027 822 1147 858 quam
1188 823 1210 846 a
1244 810 1375 847 Cristo
1407 810 1598 846 tuendam

228 878 265 899 10
280 866 517 915 suscipiunt.
541 869 643 902 Nam
664 866 744 903 sive
768 877 962 915 augeatur
986 880 1059 915 pax
1084 876 1121 904 et
1143 867 1355 916 disciplina
1373 868 1413 904 in
1432 866 1600 904 ecclesia

280 937 351 973 per
384 925 521 961 fideles
554 924 772 973 principes,
807 925 887 962 sive
920 926 1112 971 solvatur,
1146 925 1211 962 ille
1245 928 1293 962 ab
1318 925 1372 962 eis
1396 926 1599 962 racionem

282 982 411 1030 exigit,
446 982 513 1030 qui
548 995 686 1019 eorum
720 983 910 1030 potestati
943 996 1056 1019 suam
1092 983 1302 1020 ecclesiam
1337 983 1547 1020 credidit⁷'.

342 1042 488 1086 Quam,
523 1052 663 1088 quero,
688 1040 891 1077 racionem
918 1043 1087 1077 reddent
1110 1043 1184 1078 deo
1207 1042 1407 1078 seculares
1431 1040 1601 1086 domini,

283 1098 351 1146 qui
393 1106 559 1146 propter
598 1098 849 1146 sanguinem,
885 1099 1121 1147 peccuniam
1161 1100 1223 1136 vel
1266 1099 1476 1146 desidiam,
1515 1111 1603 1147 per-

230 1158 265 1190 15
284 1156 449 1192 mittunt
471 1156 715 1204 yppocritas,
749 1170 900 1205 ymmo,
935 1169 1025 1193 cum
1052 1157 1132 1193 suis
1156 1159 1400 1203 conducunt,
1436 1159 1603 1206 perdere

284 1213 461 1251 Cristum
495 1222 532 1250 et
565 1227 677 1250 suam
713 1214 949 1251 ecclesiam?
988 1217 1090 1251 Nam
1122 1227 1192 1263 per
1225 1216 1459 1252 dotaciones
1490 1227 1603 1251 cecas

283 1272 478 1320 symonia,
512 1271 715 1320 apostasia
739 1282 775 1308 et
797 1272 1005 1309 blasfemia
1029 1282 1322 1319 sustentantur3
1357 1282 1394 1310 et
1416 1286 1489 1321 per
1512 1285 1604 1309 con-

284 1342 467 1378 sequens,
498 1329 601 1366 irato
632 1330 811 1375 domino,
847 1332 962 1376 bella,
991 1330 1260 1368 dissensiones
1284 1340 1321 1368 et
1344 1330 1604 1368 infidelitates

285 1388 361 1424 alie
394 1396 682 1426 sustentantur.
718 1390 818 1425 Cum
854 1388 960 1425 enim
993 1398 1154 1437 oportet
1187 1391 1304 1426 deum
1342 1391 1436 1426 dare
1462 1401 1603 1437 pacem

229 1459 270 1479 20
286 1455 323 1482 et
357 1445 567 1483 caritatem
601 1446 846 1491 hominibus,
881 1447 912 1483 si
947 1447 1003 1483 eis
1036 1447 1216 1492 infuerit,
1252 1448 1435 1484 homines
1469 1455 1603 1483 autem

285 1504 341 1540 illi
381 1505 645 1540 adversantur
683 1504 875 1541 blasfeme
913 1505 1167 1541 ordinacioni
1207 1505 1339 1542 divine
1383 1505 1603 1553 ineptando

287 1563 438 1598 clerum
473 1571 612 1598 contra
637 1562 757 1599 Cristi
783 1562 948 1610 monita,
982 1572 1025 1599 ut
1055 1563 1104 1599 sit
1135 1565 1286 1600 mundo
1310 1564 1399 1611 plus
1433 1562 1604 1608 deditus,

287 1621 495 1668 quomodo
528 1620 826 1657 transfunderet
860 1622 955 1657 deus
980 1634 1049 1669 per
1073 1622 1226 1657 clerum
1253 1621 1486 1657 huiusmodi
1511 1633 1604 1657 con-

288 1677 466 1714 cordiam
503 1687 540 1713 et
574 1679 777 1714 amorem?
817 1679 924 1724 Quin
963 1678 1119 1727 pocius,
1158 1679 1267 1716 iuxta
1305 1681 1468 1716 beatum
1510 1680 1606 1715 Gre-

231 1738 270 1770 25
287 1735 457 1784 gorium,
479 1737 588 1781 deus,
613 1735 774 1772 aliunde
796 1737 978 1784 placatus
1001 1738 1165 1785 populo,
1190 1739 1443 1774 subtraheret
1467 1736 1607 1773 exhinc

288 1796 337 1831 ab
371 1793 424 1830 eis
448 1793 656 1841 spirituale
679 1794 927 1842 suffragium.
962 1797 1081 1832 Istam
1106 1795 1226 1843 igitur
1250 1808 1386 1832 cecam
1411 1795 1604 1843 pietatem

288 1851 400 1900 (quin
425 1851 561 1899 pocius
586 1864 745 1900 gravem
770 1852 1003 1893 stulticiam)
1032 1855 1252 1901 portabunt
1276 1853 1489 1901 principes,
1515 1865 1606 1889 cum

289 1919 601 1958 presumptuose
653 1910 994 1947 contraveniendo
1047 1911 1302 1948 ordinacioni
1353 1911 1484 1947 divine
1529 1909 1609 1959 pri-

289 1976 383 2004 vant
416 1979 456 2003 se
490 1968 585 2004 cleri
618 1968 823 2016 suffragio,
858 1978 908 2013 et,
943 1971 1052 2017 quod
1082 1970 1171 2017 plus
1195 1979 1267 2015 est,
1301 1979 1344 2005 ut
1368 1969 1436 2012 sic,
1474 1968 1609 2005 multi-

235 2028 276 2060 30
291 2025 449 2074 pliciter
472 2027 709 2073 perturbant
743 2039 826 2062 rem
851 2027 1070 2075 publicam,
1105 2036 1185 2064 tam
1221 2027 1463 2076 temporalia
1487 2038 1609 2075 quam

291 2083 516 2131 spiritualia
556 2084 746 2120 blasfeme
780 2093 816 2120 et
856 2084 1079 2132 improvide
1120 2084 1406 2133 dispensando,
1448 2097 1491 2121 ex
1530 2096 1610 2132 quo

290 2150 499 2189 tamquam
535 2141 711 2178 calendis
745 2142 894 2179 diaboli
927 2152 1115 2179 causatur
1148 2143 1354 2180 dissensio.
1389 2141 1608 2180 Servicium

294 2199 397 2236 enim
422 2199 571 2235 factum
602 2199 764 2236 diabolo
789 2209 845 2236 est
869 2200 1041 2237 maxime
1064 2200 1228 2237 difficile
1252 2210 1289 2238 et
1313 2210 1611 2249 sumptuosum,

296 2256 467 2293 maxime
514 2256 741 2294 intricabile
792 2267 829 2294 et
875 2270 1106 2303 onerosum,
1160 2271 1205 2295 ac
1250 2272 1321 2307 per
1365 2270 1612 2306 consequens

239 2316 278 2348 35
296 2314 467 2351 maxime
502 2327 641 2351 carens
674 2315 948 2352 retribucione
988 2316 1195 2362 laudabili,
1238 2330 1327 2353 cum
1369 2317 1418 2353 sit
1458 2318 1533 2352 deo
1576 2324 1613 2351 et

296 2382 437 2409 nature
470 2372 730 2409 contrarium.

356 2431 438 2466 Hec
472 2439 529 2467 est
560 2444 653 2479 pars
688 2431 827 2467 mundi
861 2432 1092 2479 potencium
1129 2445 1173 2468 ex
1206 2432 1355 2480 pietate
1388 2430 1614 2479 proditoria

299 2501 389 2524 cum
430 2488 544 2524 bonis
583 2489 645 2525 dei
693 2489 1017 2537 conspirancium
1065 2499 1207 2526 contra
1246 2490 1440 2526 Cristum:
1486 2497 1523 2526 et
1568 2490 1615 2525 de

299 2558 469 2582 numero
502 2547 803 2583 blasfemiarum
840 2560 916 2595 que
950 2547 1049 2583 fiunt
1083 2547 1245 2584 racione
1268 2547 1479 2595 potestatis
1503 2559 1615 2583 secu-

239 2616 284 2647 40
298 2603 394 2640 laris
427 2603 467 2639 in
499 2604 619 2649 clero,
653 2604 814 2641 difficile
848 2614 904 2641 est
937 2617 1114 2641 narrare.
1161 2607 1216 2640 Ex
1249 2605 1340 2641 hinc
1373 2605 1479 2641 enirn
1514 2605 1616 2641 blas-

371 2724 395 2752 3.
417 2733 545 2761 regnum
567 2726 650 2753 deest
670 2727 707 2754 A.
782 2727 805 2754 5.
827 2727 920 2763 igitur
941 2727 975 2755 C.
1051 2727 1078 2754 6.
1100 2727 1254 2762 expellant
1276 2727 1306 2754 B.
1382 2735 1410 2761 t).
1433 2727 1529 2754 eciam
1549 2727 1616 2754 AC.

302 2769 342 2788 10.
365 2760 529 2795 disciplina
549 2761 675 2788 ecclesia
696 2761 736 2791 C:
757 2762 795 2788 ih.
811 2762 1009 2797 ecclesiepro
1024 2762 1053 2789 in
1069 2762 1196 2789 ecclesia
1212 2762 1243 2788 Β.
1302 2761 1338 2789 13.
1362 2762 1418 2789 deo
1433 2762 1562 2789 reddent
1582 2762 1618 2789 (3.

302 2804 343 2829 14.
371 2796 535 2831 segniciem
562 2797 599 2823 A.
716 2796 751 2824 15.
779 2797 957 2824 conducunt
982 2797 1087 2824 struck
1113 2800 1165 2823 out
1191 2797 1223 2823 B.
1339 2797 1380 2824 16.
1409 2801 1524 2823 ceteras
1551 2796 1617 2824 AC.

303 2838 412 2865 17j19.
435 2835 461 2857 et
481 2846 513 2850 —-
535 2835 746 2858 sustentantur
766 2830 851 2858 deest
868 2832 906 2858 A.
999 2839 1040 2866 19.
1064 2831 1252 2858 suscitantur
1273 2831 1306 2858 C.
1398 2830 1440 2858 23.
1463 2832 1561 2858 clerus
1583 2831 1617 2858 C.

302 2873 344 2900 27.
367 2865 469 2892 verius
490 2864 549 2892 BC.
623 2865 666 2892 28.
690 2870 849 2892 sumtuose
869 2866 932 2893 AB.
1007 2873 1052 2900 29.
1076 2866 1168 2892 seculi
1185 2874 1245 2900 pro
1267 2866 1338 2892 cleri
1358 2866 1397 2893 A.

1625 1050 1653 1076 A
1674 1052 1757 1075 most
1777 1055 1881 1075 severe

1616 1087 1749 1111 account
1768 1082 1829 1109 will
1853 1082 1887 1108 be

1669 1117 1792 1145 exacted
1817 1116 1851 1143 of

1641 1154 1760 1180 secular
1779 1151 1876 1185 lords,

1682 1188 1764 1221 who,
1784 1187 1832 1214 for

1670 1221 1836 1250 interested

1663 1257 1795 1285 motives
1816 1264 1851 1283 or

1689 1291 1823 1326 through

1629 1327 1780 1354 mistaken
1803 1326 1895 1361 piety,

1637 1363 1728 1389 allow
1748 1369 1784 1388 or
1804 1368 1878 1387 even

1653 1397 1765 1424 favour
1786 1396 1861 1423 such

1713 1431 1799 1459 evils.

1643 1478 1732 1514 They
1774 1481 1874 1504 ervert

1663 1513 1714 1540 the
1734 1521 1749 1540 c
1764 1520 1851 1548 ergy;

1642 1548 1750 1575 thence
1770 1555 1873 1574 comes

1625 1587 1709 1610 want
1729 1583 1763 1609 of
1780 1581 1899 1617 charity

1658 1617 1718 1645 and
1739 1617 1806 1644 lack
1826 1617 1860 1643 of

1649 1652 1747 1680 God's
1768 1659 1867 1687 grace,

1622 1692 1817 1750 disseriggizads
1837 1720 1898 1747 and

1680 1765 1776 1790 wars,
1799 1756 1837 1783 all

1645 1792 1779 1827 through
1799 1790 1878 1818 their

1716 1827 1801 1863 folly.

1656 2439 1719 2467 For
1739 2439 1809 2474 they
1829 2445 1879 2464 are

1636 2473 1830 2509 responsible
1850 2472 1899 2511 for

1630 2509 1679 2536 the
1699 2508 1907 2542 blasphemles

1639 2543 1827 2577 concerning
1847 2542 1897 2569 the

1648 2578 1817 2613 ‘patrimon
1859 2576 1894 2603 of

1642 2615 1693 2640 the
1714 2611 1804 2640 Cruci
1831 2611 1893 2646 ed’,
