<?xml version="1.0" encoding="UTF-8"?>
<!DOCTYPE html PUBLIC "-//W3C//DTD XHTML 1.0 Transitional//EN"
    "http://www.w3.org/TR/xhtml1/DTD/xhtml1-transitional.dtd">
<html xmlns="http://www.w3.org/1999/xhtml" xml:lang="en" lang="en">
 <head>
  <title>
</title>
<meta http-equiv="Content-Type" content="text/html;charset=utf-8" />
  <meta name='ocr-system' content='tesseract 3.04.00' />
  <meta name='ocr-capabilities' content='ocr_page ocr_carea ocr_par ocr_line ocrx_word'/>
</head>
<body>
  <div class='ocr_page' id='page_1' title='image "./tractatusdeblasp00wycl_0168.png"; bbox 0 0 2067 3298; ppageno 0'>
   <div class='ocr_carea' id='block_1_1' title="bbox 202 241 277 277">
    <p class='ocr_par' dir='ltr' id='par_1_1' title="bbox 202 241 277 277">
     <span class='ocr_line' id='line_1_1' title="bbox 202 241 277 277; baseline -0.027 -10"><span class='ocrx_word' id='word_1_1' title='bbox 202 241 277 277; x_wconf 83' lang='lat'>124</span> 
     </span>
    </p>
   </div>
   <div class='ocr_carea' id='block_1_2' title="bbox 192 469 471 1444">
    <p class='ocr_par' dir='ltr' id='par_1_2' title="bbox 192 469 471 1444">
     <span class='ocr_line' id='line_1_2' title="bbox 192 469 463 497; baseline -0.015 0"><span class='ocrx_word' id='word_1_2' title='bbox 192 469 271 497; x_wconf 79' lang='lat' dir='ltr'>Tliis</span> <span class='ocrx_word' id='word_1_3' title='bbox 296 469 377 496; x_wconf 83' lang='lat' dir='ltr'>form</span> <span class='ocrx_word' id='word_1_4' title='bbox 399 476 463 494; x_wconf 80' lang='lat' dir='ltr'>was</span> 
     </span>
     <span class='ocr_line' id='line_1_3' title="bbox 230 504 437 539; baseline 0 -8"><span class='ocrx_word' id='word_1_5' title='bbox 230 509 282 531; x_wconf 90' lang='lat' dir='ltr'>not</span> <span class='ocrx_word' id='word_1_6' title='bbox 303 504 376 531; x_wconf 87' lang='lat' dir='ltr'>used</span> <span class='ocrx_word' id='word_1_7' title='bbox 399 504 437 539; x_wconf 86' lang='lat' dir='ltr'>by</span> 
     </span>
     <span class='ocr_line' id='line_1_4' title="bbox 213 539 442 574; baseline -0.004 -8"><span class='ocrx_word' id='word_1_8' title='bbox 213 540 263 566; x_wconf 85' lang='lat' dir='ltr'>the</span> <span class='ocrx_word' id='word_1_9' title='bbox 284 539 442 574; x_wconf 84' lang='lat' dir='ltr'>Apostles:</span> 
     </span>
     <span class='ocr_line' id='line_1_5' title="bbox 207 574 454 601; baseline -0.004 -1"><span class='ocrx_word' id='word_1_10' title='bbox 207 577 257 601; x_wconf 85' lang='lat' dir='ltr'>tne</span> <span class='ocrx_word' id='word_1_11' title='bbox 278 574 383 601; x_wconf 81' lang='lat' dir='ltr'>words</span> <span class='ocrx_word' id='word_1_12' title='bbox 405 581 454 600; x_wconf 87' lang='lat' dir='ltr'>are</span> 
     </span>
     <span class='ocr_line' id='line_1_6' title="bbox 202 609 462 642; baseline -0.004 -7"><span class='ocrx_word' id='word_1_13' title='bbox 202 609 323 636; x_wconf 76' lang='lat' dir='ltr'>besides</span> <span class='ocrx_word' id='word_1_14' title='bbox 345 616 462 642; x_wconf 80' lang='lat' dir='ltr'>wrong,</span> 
     </span>
     <span class='ocr_line' id='line_1_7' title="bbox 214 643 454 679; baseline -0.008 -8"><span class='ocrx_word' id='word_1_15' title='bbox 214 652 247 671; x_wconf 83' lang='lat' dir='ltr'>as</span> <span class='ocrx_word' id='word_1_16' title='bbox 268 643 418 679; x_wconf 72' lang='lat' dir='ltr'>implying</span> <span class='ocrx_word' id='word_1_17' title='bbox 438 651 454 669; x_wconf 81' lang='lat' dir='ltr'>a</span> 
     </span>
     <span class='ocr_line' id='line_1_8' title="bbox 257 679 417 714; baseline 0 -9"><span class='ocrx_word' id='word_1_18' title='bbox 257 687 362 714; x_wconf 76' lang='lat' dir='ltr'>power</span> <span class='ocrx_word' id='word_1_19' title='bbox 383 679 417 705; x_wconf 82' lang='lat' dir='ltr'>ot&#39;</span> 
     </span>
     <span class='ocr_line' id='line_1_9' title="bbox 237 713 429 741; baseline -0.01 0"><span class='ocrx_word' id='word_1_20' title='bbox 237 715 284 741; x_wconf 77' lang='lat' dir='ltr'>for</span> <span class='ocrx_word' id='word_1_21' title='bbox 309 713 429 740; x_wconf 81' lang='lat' dir='ltr'>iveness</span> 
     </span>
     <span class='ocr_line' id='line_1_10' title="bbox 257 748 414 775; baseline 0.006 -2"><span class='ocrx_word' id='word_1_22' title='bbox 257 758 282 773; x_wconf 71' lang='lat' dir='ltr'>xv</span> <span class='ocrx_word' id='word_1_23' title='bbox 297 748 357 775; x_wconf 79' lang='lat' dir='ltr'>iich</span> <span class='ocrx_word' id='word_1_24' title='bbox 378 748 414 774; x_wconf 80' lang='lat' dir='ltr'>all</span> 
     </span>
     <span class='ocr_line' id='line_1_11' title="bbox 245 782 419 811; baseline -0.011 0"><span class='ocrx_word' id='word_1_25' title='bbox 245 782 419 811; x_wconf 80' lang='lat' dir='ltr'>Christians</span> 
     </span>
     <span class='ocr_line' id='line_1_12' title="bbox 260 817 403 845; baseline -0.007 0"><span class='ocrx_word' id='word_1_26' title='bbox 260 817 403 845; x_wconf 66' lang='lat' dir='ltr'>cxci-eisc.</span> 
     </span>
     <span class='ocr_line' id='line_1_13' title="bbox 260 852 402 879; baseline -0.007 0"><span class='ocrx_word' id='word_1_27' title='bbox 260 853 331 879; x_wconf 82' lang='lat' dir='ltr'>And</span> <span class='ocrx_word' id='word_1_28' title='bbox 354 852 402 878; x_wconf 84' lang='lat' dir='ltr'>the</span> 
     </span>
     <span class='ocr_line' id='line_1_14' title="bbox 242 887 421 919; baseline -0.011 -4"><span class='ocrx_word' id='word_1_29' title='bbox 242 887 421 919; x_wconf 85' lang='lat' dir='ltr'>Confessor,</span> 
     </span>
     <span class='ocr_line' id='line_1_15' title="bbox 203 922 460 955; baseline -0.008 -6"><span class='ocrx_word' id='word_1_30' title='bbox 203 923 305 949; x_wconf 79' lang='lat' dir='ltr'>whilst</span> <span class='ocrx_word' id='word_1_31' title='bbox 326 922 460 955; x_wconf 82' lang='lat' dir='ltr'>uttering</span> 
     </span>
     <span class='ocr_line' id='line_1_16' title="bbox 197 956 471 989; baseline -0.007 -5"><span class='ocrx_word' id='word_1_32' title='bbox 197 958 246 984; x_wconf 82' lang='lat' dir='ltr'>the</span> <span class='ocrx_word' id='word_1_33' title='bbox 267 956 382 989; x_wconf 75' lang='lat' dir='ltr'>words,</span> <span class='ocrx_word' id='word_1_34' title='bbox 397 956 471 983; x_wconf 89' lang='lat' dir='ltr'>does</span> 
     </span>
     <span class='ocr_line' id='line_1_17' title="bbox 249 992 413 1018; baseline -0.012 0"><span class='ocrx_word' id='word_1_35' title='bbox 249 996 301 1018; x_wconf 86' lang='lat' dir='ltr'>not</span> <span class='ocrx_word' id='word_1_36' title='bbox 323 992 413 1018; x_wconf 77' lang='lat' dir='ltr'>know</span> 
     </span>
     <span class='ocr_line' id='line_1_18' title="bbox 221 1025 447 1061; baseline -0.004 -8"><span class='ocrx_word' id='word_1_37' title='bbox 221 1027 357 1053; x_wconf 78' lang='lat' dir='ltr'>whether</span> <span class='ocrx_word' id='word_1_38' title='bbox 377 1025 447 1061; x_wconf 86' lang='lat' dir='ltr'>they</span> 
     </span>
     <span class='ocr_line' id='line_1_19' title="bbox 260 1065 407 1088; baseline -0.007 0"><span class='ocrx_word' id='word_1_39' title='bbox 260 1070 310 1088; x_wconf 84' lang='lat' dir='ltr'>are</span> <span class='ocrx_word' id='word_1_40' title='bbox 330 1065 407 1088; x_wconf 82' lang='lat' dir='ltr'>true.</span> 
     </span>
     <span class='ocr_line' id='line_1_20' title="bbox 221 1096 444 1130; baseline -0.004 -7"><span class='ocrx_word' id='word_1_41' title='bbox 221 1096 287 1123; x_wconf 85' lang='lat' dir='ltr'>The</span> <span class='ocrx_word' id='word_1_42' title='bbox 309 1096 444 1130; x_wconf 79' lang='lat' dir='ltr'>penitent</span> 
     </span>
     <span class='ocr_line' id='line_1_21' title="bbox 226 1130 443 1158; baseline -0.005 -1"><span class='ocrx_word' id='word_1_43' title='bbox 226 1130 348 1158; x_wconf 77' lang='lat' dir='ltr'>liimsell</span> <span class='ocrx_word' id='word_1_44' title='bbox 369 1130 443 1157; x_wconf 87' lang='lat' dir='ltr'>does</span> 
     </span>
     <span class='ocr_line' id='line_1_22' title="bbox 205 1165 467 1193; baseline -0.004 -1"><span class='ocrx_word' id='word_1_45' title='bbox 205 1170 256 1193; x_wconf 84' lang='lat' dir='ltr'>not</span> <span class='ocrx_word' id='word_1_46' title='bbox 277 1166 368 1192; x_wconf 83' lang='lat' dir='ltr'>know</span> <span class='ocrx_word' id='word_1_47' title='bbox 389 1165 414 1192; x_wconf 81' lang='lat' dir='ltr'>if</span> <span class='ocrx_word' id='word_1_48' title='bbox 431 1165 467 1191; x_wconf 88' lang='lat' dir='ltr'>he</span> 
     </span>
     <span class='ocr_line' id='line_1_23' title="bbox 240 1200 431 1232; baseline -0.005 -5"><span class='ocrx_word' id='word_1_49' title='bbox 240 1200 265 1227; x_wconf 93' lang='lat' dir='ltr'>is</span> <span class='ocrx_word' id='word_1_50' title='bbox 286 1200 431 1232; x_wconf 75' lang='lat' dir='ltr'>contrite;</span> 
     </span>
     <span class='ocr_line' id='line_1_24' title="bbox 201 1234 468 1262; baseline -0.007 0"><span class='ocrx_word' id='word_1_51' title='bbox 201 1235 291 1262; x_wconf 81' lang='lat' dir='ltr'>muel]</span> <span class='ocrx_word' id='word_1_52' title='bbox 314 1243 399 1262; x_wconf 82' lang='lat' dir='ltr'>more</span> <span class='ocrx_word' id='word_1_53' title='bbox 421 1234 468 1261; x_wconf 88' lang='lat' dir='ltr'>his</span> 
     </span>
     <span class='ocr_line' id='line_1_25' title="bbox 252 1270 421 1297; baseline -0.012 0"><span class='ocrx_word' id='word_1_54' title='bbox 252 1270 421 1297; x_wconf 68' lang='lat' dir='ltr'>consessor.</span> 
     </span>
     <span class='ocr_line' id='line_1_26' title="bbox 218 1305 452 1340; baseline -0.009 -8"><span class='ocrx_word' id='word_1_55' title='bbox 218 1305 263 1332; x_wconf 88' lang='lat' dir='ltr'>He</span> <span class='ocrx_word' id='word_1_56' title='bbox 284 1313 353 1340; x_wconf 83' lang='lat' dir='ltr'>may</span> <span class='ocrx_word' id='word_1_57' title='bbox 375 1305 452 1331; x_wconf 80' lang='lat' dir='ltr'>have</span> 
     </span>
     <span class='ocr_line' id='line_1_27' title="bbox 210 1342 467 1374; baseline -0.004 -8"><span class='ocrx_word' id='word_1_58' title='bbox 210 1342 360 1374; x_wconf 77' lang='lat' dir='ltr'>torgotten</span> <span class='ocrx_word' id='word_1_59' title='bbox 381 1347 467 1366; x_wconf 86' lang='lat' dir='ltr'>some</span> 
     </span>
     <span class='ocr_line' id='line_1_28' title="bbox 212 1374 458 1408; baseline -0.008 -6"><span class='ocrx_word' id='word_1_60' title='bbox 212 1375 306 1402; x_wconf 77' lang='lat' dir='ltr'>crime</span> <span class='ocrx_word' id='word_1_61' title='bbox 325 1374 458 1408; x_wconf 78' lang='lat' dir='ltr'>through</span> 
     </span>
     <span class='ocr_line' id='line_1_29' title="bbox 240 1409 432 1444; baseline -0.01 -7"><span class='ocrx_word' id='word_1_62' title='bbox 240 1409 432 1444; x_wconf 80' lang='lat' dir='ltr'>negligence;</span> 
     </span>
    </p>
   </div>
   <div class='ocr_carea' id='block_1_3' title="bbox 204 1514 476 1715">
    <p class='ocr_par' dir='ltr' id='par_1_3' title="bbox 204 1514 476 1715">
     <span class='ocr_line' id='line_1_30' title="bbox 230 1514 448 1549; baseline -0.005 -9"><span class='ocrx_word' id='word_1_63' title='bbox 230 1515 266 1541; x_wconf 81' lang='lat' dir='ltr'>lie</span> <span class='ocrx_word' id='word_1_64' title='bbox 287 1522 356 1549; x_wconf 81' lang='lat' dir='ltr'>may</span> <span class='ocrx_word' id='word_1_65' title='bbox 378 1514 412 1540; x_wconf 85' lang='lat' dir='ltr'>be</span> <span class='ocrx_word' id='word_1_66' title='bbox 432 1521 448 1539; x_wconf 87' lang='lat' dir='ltr'>a</span> 
     </span>
     <span class='ocr_line' id='line_1_31' title="bbox 220 1548 451 1584; baseline -0.004 -9"><span class='ocrx_word' id='word_1_67' title='bbox 220 1553 372 1584; x_wconf 71' lang='lat' dir='ltr'>castaway</span> <span class='ocrx_word' id='word_1_68' title='bbox 392 1548 451 1575; x_wconf 88' lang='lat' dir='ltr'>and</span> 
     </span>
     <span class='ocr_line' id='line_1_32' title="bbox 204 1583 476 1611; baseline -0.007 0"><span class='ocrx_word' id='word_1_69' title='bbox 204 1592 242 1611; x_wconf 90' lang='lat' dir='ltr'>no</span> <span class='ocrx_word' id='word_1_70' title='bbox 257 1588 323 1610; x_wconf 86' lang='lat' dir='ltr'>true</span> <span class='ocrx_word' id='word_1_71' title='bbox 339 1583 476 1610; x_wconf 79' lang='lat' dir='ltr'>member</span> 
     </span>
     <span class='ocr_line' id='line_1_33' title="bbox 207 1617 469 1651; baseline -0.008 -5"><span class='ocrx_word' id='word_1_72' title='bbox 207 1619 241 1646; x_wconf 87' lang='lat' dir='ltr'>of</span> <span class='ocrx_word' id='word_1_73' title='bbox 257 1619 307 1645; x_wconf 70' lang='lat' dir='ltr'>tlte</span> <span class='ocrx_word' id='word_1_74' title='bbox 328 1617 469 1651; x_wconf 80' lang='lat' dir='ltr'>Chur0h;</span> 
     </span>
     <span class='ocr_line' id='line_1_34' title="bbox 231 1652 445 1688; baseline -0.009 -8"><span class='ocrx_word' id='word_1_75' title='bbox 231 1661 265 1680; x_wconf 87' lang='lat' dir='ltr'>or</span> <span class='ocrx_word' id='word_1_76' title='bbox 286 1661 301 1680; x_wconf 91' lang='lat' dir='ltr'>a</span> <span class='ocrx_word' id='word_1_77' title='bbox 323 1652 445 1688; x_wconf 69' lang='lat' dir='ltr'>herene,</span> 
     </span>
     <span class='ocr_line' id='line_1_35' title="bbox 310 1687 365 1715; baseline 0 0"><span class='ocrx_word' id='word_1_78' title='bbox 310 1687 365 1715; x_wconf 53' lang='lat' dir='ltr'>&amp;a</span> 
     </span>
    </p>
   </div>
   <div class='ocr_carea' id='block_1_4' title="bbox 207 1802 471 2222">
    <p class='ocr_par' dir='ltr' id='par_1_4' title="bbox 207 1802 471 2222">
     <span class='ocr_line' id='line_1_36' title="bbox 218 1802 457 1831; baseline -0.004 0"><span class='ocrx_word' id='word_1_79' title='bbox 218 1804 243 1831; x_wconf 88' lang='lat' dir='ltr'>It</span> <span class='ocrx_word' id='word_1_80' title='bbox 264 1804 323 1830; x_wconf 81' lang='lat' dir='ltr'>will</span> <span class='ocrx_word' id='word_1_81' title='bbox 345 1807 398 1830; x_wconf 89' lang='lat' dir='ltr'>not</span> <span class='ocrx_word' id='word_1_82' title='bbox 418 1802 457 1830; x_wconf 90' lang='lat' dir='ltr'>do</span> 
     </span>
     <span class='ocr_line' id='line_1_37' title="bbox 212 1838 468 1874; baseline -0.008 -8"><span class='ocrx_word' id='word_1_83' title='bbox 212 1844 241 1866; x_wconf 87' lang='lat' dir='ltr'>to</span> <span class='ocrx_word' id='word_1_84' title='bbox 262 1847 315 1874; x_wconf 78' lang='lat' dir='ltr'>say</span> <span class='ocrx_word' id='word_1_85' title='bbox 335 1838 399 1865; x_wconf 81' lang='lat' dir='ltr'>that</span> <span class='ocrx_word' id='word_1_86' title='bbox 419 1838 468 1864; x_wconf 85' lang='lat' dir='ltr'>the</span> 
     </span>
     <span class='ocr_line' id='line_1_38' title="bbox 229 1873 450 1901; baseline -0.014 0"><span class='ocrx_word' id='word_1_87' title='bbox 229 1873 403 1901; x_wconf 82' lang='lat' dir='ltr'>absolution</span> <span class='ocrx_word' id='word_1_88' title='bbox 425 1873 450 1899; x_wconf 84' lang='lat' dir='ltr'>is</span> 
     </span>
     <span class='ocr_line' id='line_1_39' title="bbox 232 1907 441 1939; baseline -0.005 -4"><span class='ocrx_word' id='word_1_89' title='bbox 232 1907 441 1939; x_wconf 85' lang='lat' dir='ltr'>conditioned,</span> 
     </span>
     <span class='ocr_line' id='line_1_40' title="bbox 231 1943 447 1970; baseline -0.009 0"><span class='ocrx_word' id='word_1_90' title='bbox 231 1944 357 1970; x_wconf 75' lang='lat' dir='ltr'>because</span> <span class='ocrx_word' id='word_1_91' title='bbox 377 1943 447 1969; x_wconf 81' lang='lat' dir='ltr'>then</span> 
     </span>
     <span class='ocr_line' id='line_1_41' title="bbox 207 1977 471 2005; baseline -0.008 0"><span class='ocrx_word' id='word_1_92' title='bbox 207 1979 291 2005; x_wconf 81' lang='lat' dir='ltr'>there</span> <span class='ocrx_word' id='word_1_93' title='bbox 312 1978 413 2004; x_wconf 75' lang='lat' dir='ltr'>would</span> <span class='ocrx_word' id='word_1_94' title='bbox 436 1977 471 2003; x_wconf 88' lang='lat' dir='ltr'>be</span> 
     </span>
     <span class='ocr_line' id='line_1_42' title="bbox 266 2021 410 2040; baseline 0 -1"><span class='ocrx_word' id='word_1_95' title='bbox 266 2021 304 2039; x_wconf 92' lang='lat' dir='ltr'>no</span> <span class='ocrx_word' id='word_1_96' title='bbox 325 2021 410 2040; x_wconf 82' lang='lat' dir='ltr'>more</span> 
     </span>
     <span class='ocr_line' id='line_1_43' title="bbox 236 2047 439 2083; baseline -0.01 -8"><span class='ocrx_word' id='word_1_97' title='bbox 236 2048 384 2083; x_wconf 78' lang='lat' dir='ltr'>certainty</span> <span class='ocrx_word' id='word_1_98' title='bbox 405 2047 439 2073; x_wconf 87' lang='lat' dir='ltr'>of</span> 
     </span>
     <span class='ocr_line' id='line_1_44' title="bbox 231 2081 441 2118; baseline -0.01 -8"><span class='ocrx_word' id='word_1_99' title='bbox 231 2084 361 2118; x_wconf 78' lang='lat' dir='ltr'>pardon,</span> <span class='ocrx_word' id='word_1_100' title='bbox 383 2081 441 2108; x_wconf 85' lang='lat' dir='ltr'>and</span> 
     </span>
     <span class='ocr_line' id='line_1_45' title="bbox 211 2116 464 2153; baseline -0.004 -9"><span class='ocrx_word' id='word_1_101' title='bbox 211 2118 355 2153; x_wconf 78' lang='lat' dir='ltr'>anybody</span> <span class='ocrx_word' id='word_1_102' title='bbox 375 2116 464 2143; x_wconf 84' lang='lat' dir='ltr'>could</span> 
     </span>
     <span class='ocr_line' id='line_1_46' title="bbox 209 2151 469 2179; baseline -0.008 0"><span class='ocrx_word' id='word_1_103' title='bbox 209 2153 334 2179; x_wconf 79' lang='lat' dir='ltr'>absolve</span> <span class='ocrx_word' id='word_1_104' title='bbox 354 2152 384 2179; x_wconf 91' lang='lat' dir='ltr'>in</span> <span class='ocrx_word' id='word_1_105' title='bbox 405 2151 469 2178; x_wconf 80' lang='lat' dir='ltr'>that</span> 
     </span>
     <span class='ocr_line' id='line_1_47' title="bbox 300 2195 377 2222; baseline 0 -9"><span class='ocrx_word' id='word_1_106' title='bbox 300 2195 377 2222; x_wconf 82' lang='lat' dir='ltr'>way.</span> 
     </span>
    </p>
   </div>
   <div class='ocr_carea' id='block_1_5' title="bbox 929 233 1799 270">
    <p class='ocr_par' dir='ltr' id='par_1_5' title="bbox 929 233 1799 270">
     <span class='ocr_line' id='line_1_48' title="bbox 929 233 1799 270; baseline -0.01 0"><span class='ocrx_word' id='word_1_107' title='bbox 929 239 1152 270; x_wconf 83' lang='lat' dir='ltr'>JOHANNIS</span> <span class='ocrx_word' id='word_1_108' title='bbox 1179 237 1364 269; x_wconf 86' lang='lat' dir='ltr'>WYCLIF</span> <span class='ocrx_word' id='word_1_109' title='bbox 1607 233 1696 261; x_wconf 85' lang='lat' dir='ltr'>CAP.</span> <span class='ocrx_word' id='word_1_110' title='bbox 1718 233 1799 261; x_wconf 88' lang='lat' dir='ltr'>VIII.</span> 
     </span>
    </p>
   </div>
   <div class='ocr_carea' id='block_1_6' title="bbox 485 342 1800 1032">
    <p class='ocr_par' dir='ltr' id='par_1_6' title="bbox 485 342 1800 1032">
     <span class='ocr_line' id='line_1_49' title="bbox 485 342 1799 391; baseline -0.003 -9"><span class='ocrx_word' id='word_1_111' title='bbox 485 345 754 383; x_wconf 87' lang='lat' dir='ltr'>necessarium</span> <span class='ocrx_word' id='word_1_112' title='bbox 792 344 969 389; x_wconf 83' lang='lat' dir='ltr'>ecclesie,</span> <span class='ocrx_word' id='word_1_113' title='bbox 1005 354 1047 380; x_wconf 91' lang='lat' dir='ltr'>ut</span> <span class='ocrx_word' id='word_1_114' title='bbox 1072 345 1193 380; x_wconf 89' lang='lat' dir='ltr'>modo</span> <span class='ocrx_word' id='word_1_115' title='bbox 1219 343 1394 391; x_wconf 86' lang='lat' dir='ltr'>fingitur.</span> <span class='ocrx_word' id='word_1_116' title='bbox 1430 344 1506 379; x_wconf 88' lang='lat' dir='ltr'>Sed</span> <span class='ocrx_word' id='word_1_117' title='bbox 1530 343 1632 379; x_wconf 89' lang='lat' dir='ltr'>sicut</span> <span class='ocrx_word' id='word_1_118' title='bbox 1655 342 1799 390; x_wconf 87' lang='lat' dir='ltr'>prelati</span> 
     </span>
     <span class='ocr_line' id='line_1_50' title="bbox 487 400 1800 451; baseline -0.004 -11"><span class='ocrx_word' id='word_1_119' title='bbox 487 413 675 441; x_wconf 87' lang='lat' dir='ltr'>cecantur</span> <span class='ocrx_word' id='word_1_120' title='bbox 699 404 737 439; x_wconf 89' lang='lat' dir='ltr'>in</span> <span class='ocrx_word' id='word_1_121' title='bbox 762 403 930 439; x_wconf 87' lang='lat' dir='ltr'>materia</span> <span class='ocrx_word' id='word_1_122' title='bbox 955 404 1001 438; x_wconf 87' lang='lat' dir='ltr'>de</span> <span class='ocrx_word' id='word_1_123' title='bbox 1021 402 1245 451; x_wconf 88' lang='lat' dir='ltr'>quidditate</span> <span class='ocrx_word' id='word_1_124' title='bbox 1269 401 1498 443; x_wconf 76' lang='lat' dir='ltr'>eukaristie,</span> <span class='ocrx_word' id='word_1_125' title='bbox 1530 400 1585 436; x_wconf 89' lang='lat' dir='ltr'>sic</span> <span class='ocrx_word' id='word_1_126' title='bbox 1610 409 1800 436; x_wconf 89' lang='lat' dir='ltr'>cecantur</span> 
     </span>
     <span class='ocr_line' id='line_1_51' title="bbox 487 457 1799 509; baseline -0.004 -11"><span class='ocrx_word' id='word_1_127' title='bbox 487 463 526 498; x_wconf 89' lang='lat' dir='ltr'>in</span> <span class='ocrx_word' id='word_1_128' title='bbox 551 461 719 498; x_wconf 84' lang='lat' dir='ltr'>materia</span> <span class='ocrx_word' id='word_1_129' title='bbox 742 463 788 497; x_wconf 92' lang='lat' dir='ltr'>de</span> <span class='ocrx_word' id='word_1_130' title='bbox 807 461 1032 509; x_wconf 88' lang='lat' dir='ltr'>quidditate</span> <span class='ocrx_word' id='word_1_131' title='bbox 1056 459 1292 508; x_wconf 84' lang='lat' dir='ltr'>penitencie.</span> <span class='ocrx_word' id='word_1_132' title='bbox 1319 460 1465 495; x_wconf 88' lang='lat' dir='ltr'>Forma</span> <span class='ocrx_word' id='word_1_133' title='bbox 1486 458 1606 506; x_wconf 86' lang='lat' dir='ltr'>igitur</span> <span class='ocrx_word' id='word_1_134' title='bbox 1628 457 1799 494; x_wconf 87' lang='lat' dir='ltr'>istorum</span> 
     </span>
     <span class='ocr_line' id='line_1_52' title="bbox 486 515 1800 567; baseline -0.004 -11"><span class='ocrx_word' id='word_1_135' title='bbox 486 521 699 556; x_wconf 89' lang='lat' dir='ltr'>verborum</span> <span class='ocrx_word' id='word_1_136' title='bbox 740 528 871 567; x_wconf 88' lang='lat' dir='ltr'>potest</span> <span class='ocrx_word' id='word_1_137' title='bbox 910 531 954 555; x_wconf 81' lang='lat' dir='ltr'>ex</span> <span class='ocrx_word' id='word_1_138' title='bbox 986 520 1061 554; x_wconf 91' lang='lat' dir='ltr'>hoc</span> <span class='ocrx_word' id='word_1_139' title='bbox 1094 517 1321 565; x_wconf 87' lang='lat' dir='ltr'>inpugnari,</span> <span class='ocrx_word' id='word_1_140' title='bbox 1368 517 1475 564; x_wconf 92' lang='lat' dir='ltr'>quod</span> <span class='ocrx_word' id='word_1_141' title='bbox 1515 515 1686 564; x_wconf 89' lang='lat' dir='ltr'>apostoli</span> <span class='ocrx_word' id='word_1_142' title='bbox 1719 528 1800 552; x_wconf 93' lang='lat' dir='ltr'>non</span> 
     </span>
     <span class='ocr_line' id='line_1_53' title="bbox 487 573 1798 619; baseline -0.005 -5"><span class='ocrx_word' id='word_1_143' title='bbox 487 587 578 614; x_wconf 89' lang='lat' dir='ltr'>sunt</span> <span class='ocrx_word' id='word_1_144' title='bbox 611 577 671 613; x_wconf 84' lang='lat' dir='ltr'>usi</span> <span class='ocrx_word' id='word_1_145' title='bbox 705 578 924 613; x_wconf 86' lang='lat' dir='ltr'>secundum</span> <span class='ocrx_word' id='word_1_146' title='bbox 958 576 1079 612; x_wconf 89' lang='lat' dir='ltr'>talem</span> <span class='ocrx_word' id='word_1_147' title='bbox 1112 575 1299 619; x_wconf 86' lang='lat' dir='ltr'>formam,</span> <span class='ocrx_word' id='word_1_148' title='bbox 1333 575 1545 610; x_wconf 75' lang='lat' dir='ltr'>absolvere.</span> <span class='ocrx_word' id='word_1_149' title='bbox 1580 576 1627 609; x_wconf 87' lang='lat' dir='ltr'>Et</span> <span class='ocrx_word' id='word_1_150' title='bbox 1651 573 1798 609; x_wconf 87' lang='lat' dir='ltr'>iterum</span> 
     </span>
     <span class='ocr_line' id='line_1_54' title="bbox 488 631 1800 679; baseline -0.004 -7"><span class='ocrx_word' id='word_1_151' title='bbox 488 645 545 673; x_wconf 89' lang='lat' dir='ltr'>est</span> <span class='ocrx_word' id='word_1_152' title='bbox 568 635 776 671; x_wconf 85' lang='lat' dir='ltr'>inductum</span> <span class='ocrx_word' id='word_1_153' title='bbox 802 635 1007 679; x_wconf 87' lang='lat' dir='ltr'>blasfeme,</span> <span class='ocrx_word' id='word_1_154' title='bbox 1043 646 1085 669; x_wconf 85' lang='lat' dir='ltr'>ex</span> <span class='ocrx_word' id='word_1_155' title='bbox 1110 645 1244 669; x_wconf 86' lang='lat' dir='ltr'>errore</span> <span class='ocrx_word' id='word_1_156' title='bbox 1268 645 1406 668; x_wconf 89' lang='lat' dir='ltr'>sensus</span> <span class='ocrx_word' id='word_1_157' title='bbox 1431 631 1632 677; x_wconf 84' lang='lat' dir='ltr'>catholici,</span> <span class='ocrx_word' id='word_1_158' title='bbox 1668 631 1800 667; x_wconf 86' lang='lat' dir='ltr'>dicere</span> 
     </span>
     <span class='ocr_line' id='line_1_55' title="bbox 489 688 1800 742; baseline -0.005 -12"><span class='ocrx_word' id='word_1_159' title='bbox 489 695 595 742; x_wconf 89' lang='lat' dir='ltr'>quod</span> <span class='ocrx_word' id='word_1_160' title='bbox 618 692 815 741; x_wconf 82' lang='lat' dir='ltr'>presbiter</span> <span class='ocrx_word' id='word_1_161' title='bbox 848 692 902 728; x_wconf 89' lang='lat' dir='ltr'>sic</span> <span class='ocrx_word' id='word_1_162' title='bbox 936 691 1117 728; x_wconf 89' lang='lat' dir='ltr'>absolvit.</span> <span class='ocrx_word' id='word_1_163' title='bbox 1155 691 1266 727; x_wconf 82' lang='lat' dir='ltr'>Sicut</span> <span class='ocrx_word' id='word_1_164' title='bbox 1290 691 1396 726; x_wconf 87' lang='lat' dir='ltr'>enirn</span> <span class='ocrx_word' id='word_1_165' title='bbox 1421 691 1610 726; x_wconf 89' lang='lat' dir='ltr'>sacerdos</span> <span class='ocrx_word' id='word_1_166' title='bbox 1634 688 1800 725; x_wconf 87' lang='lat' dir='ltr'>dimittit</span> 
     </span>
     <span class='ocr_line' id='line_1_56' title="bbox 487 747 1798 798; baseline -0.004 -11"><span class='ocrx_word' id='word_1_167' title='bbox 487 753 547 788; x_wconf 91' lang='lat' dir='ltr'>vel</span> <span class='ocrx_word' id='word_1_168' title='bbox 580 750 748 787; x_wconf 84' lang='lat' dir='ltr'>remittit</span> <span class='ocrx_word' id='word_1_169' title='bbox 772 759 938 798; x_wconf 91' lang='lat' dir='ltr'>peccata</span> <span class='ocrx_word' id='word_1_170' title='bbox 962 749 1115 797; x_wconf 88' lang='lat' dir='ltr'>populi,</span> <span class='ocrx_word' id='word_1_171' title='bbox 1150 748 1205 784; x_wconf 83' lang='lat' dir='ltr'>ita</span> <span class='ocrx_word' id='word_1_172' title='bbox 1230 750 1346 784; x_wconf 88' lang='lat' dir='ltr'>debet</span> <span class='ocrx_word' id='word_1_173' title='bbox 1370 747 1537 796; x_wconf 85' lang='lat' dir='ltr'>quilibet</span> <span class='ocrx_word' id='word_1_174' title='bbox 1571 747 1798 792; x_wconf 81' lang='lat' dir='ltr'>cristianus,</span> 
     </span>
     <span class='ocr_line' id='line_1_57' title="bbox 487 805 1798 857; baseline -0.005 -11"><span class='ocrx_word' id='word_1_175' title='bbox 487 819 529 846; x_wconf 88' lang='lat' dir='ltr'>ut</span> <span class='ocrx_word' id='word_1_176' title='bbox 561 818 670 857; x_wconf 87' lang='lat' dir='ltr'>patet</span> <span class='ocrx_word' id='word_1_177' title='bbox 703 809 844 845; x_wconf 88' lang='lat' dir='ltr'>Matth.</span> <span class='ocrx_word' id='word_1_178' title='bbox 887 809 931 844; x_wconf 79' lang='lat'>16</span> <span class='ocrx_word' id='word_1_179' title='bbox 975 816 1012 844; x_wconf 85' lang='lat' dir='ltr'>et</span> <span class='ocrx_word' id='word_1_180' title='bbox 1045 807 1185 843; x_wconf 85' lang='lat' dir='ltr'>Matth.</span> <span class='ocrx_word' id='word_1_181' title='bbox 1227 807 1287 842; x_wconf 82' lang='lat'>18.</span> <span class='ocrx_word' id='word_1_182' title='bbox 1334 808 1383 842; x_wconf 88' lang='lat' dir='ltr'>Et</span> <span class='ocrx_word' id='word_1_183' title='bbox 1421 806 1565 842; x_wconf 87' lang='lat' dir='ltr'>iterum</span> <span class='ocrx_word' id='word_1_184' title='bbox 1600 805 1798 841; x_wconf 87' lang='lat' dir='ltr'>incertum</span> 
     </span>
     <span class='ocr_line' id='line_1_58' title="bbox 488 863 1800 915; baseline -0.005 -11"><span class='ocrx_word' id='word_1_185' title='bbox 488 877 545 904; x_wconf 88' lang='lat' dir='ltr'>est</span> <span class='ocrx_word' id='word_1_186' title='bbox 582 865 888 915; x_wconf 89' lang='lat' dir='ltr'>penitenciario,</span> <span class='ocrx_word' id='word_1_187' title='bbox 940 865 971 901; x_wconf 88' lang='lat' dir='ltr'>si</span> <span class='ocrx_word' id='word_1_188' title='bbox 1017 864 1066 901; x_wconf 90' lang='lat' dir='ltr'>sit</span> <span class='ocrx_word' id='word_1_189' title='bbox 1112 877 1248 900; x_wconf 86' lang='lat' dir='ltr'>verum</span> <span class='ocrx_word' id='word_1_190' title='bbox 1289 865 1349 900; x_wconf 85' lang='lat' dir='ltr'>vel</span> <span class='ocrx_word' id='word_1_191' title='bbox 1391 863 1644 900; x_wconf 81' lang='lat' dir='ltr'>mendacium</span> <span class='ocrx_word' id='word_1_192' title='bbox 1691 864 1800 911; x_wconf 90' lang='lat' dir='ltr'>quod</span> 
     </span>
     <span class='ocr_line' id='line_1_59' title="bbox 486 920 1799 974; baseline -0.004 -13"><span class='ocrx_word' id='word_1_193' title='bbox 486 926 570 974; x_wconf 87' lang='lat' dir='ltr'>ipse</span> <span class='ocrx_word' id='word_1_194' title='bbox 609 924 778 961; x_wconf 85' lang='lat' dir='ltr'>absolvit</span> <span class='ocrx_word' id='word_1_195' title='bbox 825 923 1084 972; x_wconf 85' lang='lat' dir='ltr'>penitentem.</span> <span class='ocrx_word' id='word_1_196' title='bbox 1131 925 1179 958; x_wconf 83' lang='lat' dir='ltr'>Et</span> <span class='ocrx_word' id='word_1_197' title='bbox 1224 935 1314 959; x_wconf 88' lang='lat' dir='ltr'>cum</span> <span class='ocrx_word' id='word_1_198' title='bbox 1354 935 1434 958; x_wconf 86' lang='lat' dir='ltr'>non</span> <span class='ocrx_word' id='word_1_199' title='bbox 1481 922 1597 958; x_wconf 87' lang='lat' dir='ltr'>debet</span> <span class='ocrx_word' id='word_1_200' title='bbox 1641 920 1799 957; x_wconf 90' lang='lat' dir='ltr'>mentiri</span> 
     </span>
     <span class='ocr_line' id='line_1_60' title="bbox 488 978 1800 1032; baseline -0.005 -12"><span class='ocrx_word' id='word_1_201' title='bbox 488 997 559 1032; x_wconf 85' lang='lat' dir='ltr'>pro</span> <span class='ocrx_word' id='word_1_202' title='bbox 599 992 685 1019; x_wconf 92' lang='lat' dir='ltr'>toto</span> <span class='ocrx_word' id='word_1_203' title='bbox 726 984 890 1027; x_wconf 88' lang='lat' dir='ltr'>mundo,</span> <span class='ocrx_word' id='word_1_204' title='bbox 928 981 1086 1018; x_wconf 89' lang='lat' dir='ltr'>videtur</span> <span class='ocrx_word' id='word_1_205' title='bbox 1125 982 1234 1029; x_wconf 89' lang='lat' dir='ltr'>quod</span> <span class='ocrx_word' id='word_1_206' title='bbox 1273 993 1354 1016; x_wconf 90' lang='lat' dir='ltr'>non</span> <span class='ocrx_word' id='word_1_207' title='bbox 1388 981 1504 1016; x_wconf 88' lang='lat' dir='ltr'>debet</span> <span class='ocrx_word' id='word_1_208' title='bbox 1536 978 1620 1015; x_wconf 88' lang='lat' dir='ltr'>sine</span> <span class='ocrx_word' id='word_1_209' title='bbox 1653 979 1800 1015; x_wconf 87' lang='lat' dir='ltr'>revela-</span> 
     </span>
    </p>
   </div>
   <div class='ocr_carea' id='block_1_7' title="bbox 1825 783 1985 887">
    <p class='ocr_par' dir='ltr' id='par_1_7' title="bbox 1825 783 1985 887">
     <span class='ocr_line' id='line_1_61' title="bbox 1850 783 1958 811; baseline 0.009 -1"><span class='ocrx_word' id='word_1_210' title='bbox 1850 783 1958 811; x_wconf 82' lang='lat' dir='ltr'>Matth.</span> 
     </span>
     <span class='ocr_line' id='line_1_62' title="bbox 1826 818 1977 853; baseline 0 -8"><span class='ocrx_word' id='word_1_211' title='bbox 1826 818 1907 849; x_wconf 83' lang='lat' dir='ltr'>XVI.</span> <span class='ocrx_word' id='word_1_212' title='bbox 1931 826 1960 853; x_wconf 82' lang='lat'>19</span> <span class='ocrx_word' id='word_1_213' title='bbox 1972 828 1977 849; x_wconf 74' lang='grc' dir='ltr'><strong>ς</strong></span> 
     </span>
     <span class='ocr_line' id='line_1_63' title="bbox 1825 853 1985 887; baseline 0.013 -7"><span class='ocrx_word' id='word_1_214' title='bbox 1825 853 1933 887; x_wconf 82' lang='lat' dir='ltr'>XVIII,</span> <span class='ocrx_word' id='word_1_215' title='bbox 1956 853 1985 882; x_wconf 78' lang='lat'>18</span> 
     </span>
    </p>
   </div>
   <div class='ocr_carea' id='block_1_8' title="bbox 488 1035 1900 1091">
    <p class='ocr_par' dir='ltr' id='par_1_8' title="bbox 488 1035 1900 1091">
     <span class='ocr_line' id='line_1_64' title="bbox 488 1035 1900 1091; baseline -0.005 -13"><span class='ocrx_word' id='word_1_216' title='bbox 488 1042 603 1078; x_wconf 89' lang='lat' dir='ltr'>cione</span> <span class='ocrx_word' id='word_1_217' title='bbox 632 1039 636 1091; x_wconf 78' lang='grc' dir='ltr'>Ι</span> <span class='ocrx_word' id='word_1_218' title='bbox 664 1042 830 1077; x_wconf 88' lang='lat' dir='ltr'>verbum</span> <span class='ocrx_word' id='word_1_219' title='bbox 864 1040 963 1075; x_wconf 90' lang='lat' dir='ltr'>illud</span> <span class='ocrx_word' id='word_1_220' title='bbox 985 1048 1028 1075; x_wconf 90' lang='lat' dir='ltr'>ut</span> <span class='ocrx_word' id='word_1_221' title='bbox 1051 1039 1344 1075; x_wconf 80' lang='lat' dir='ltr'>sacramentale</span> <span class='ocrx_word' id='word_1_222' title='bbox 1369 1050 1559 1074; x_wconf 83' lang='lat' dir='ltr'>asserere.</span> <span class='ocrx_word' id='word_1_223' title='bbox 1595 1036 1659 1073; x_wconf 87' lang='lat' dir='ltr'>Sic</span> <span class='ocrx_word' id='word_1_224' title='bbox 1693 1035 1799 1072; x_wconf 89' lang='lat' dir='ltr'>enim</span> <span class='ocrx_word' id='word_1_225' title='bbox 1845 1041 1855 1047; x_wconf 77' lang='lat'><em>&#39;</em></span> <span class='ocrx_word' id='word_1_226' title='bbox 1887 1044 1900 1056; x_wconf 74' lang='lat'>²²</span> 
     </span>
    </p>
   </div>
   <div class='ocr_carea' id='block_1_9' title="bbox 489 1093 1803 2018">
    <p class='ocr_par' dir='ltr' id='par_1_9' title="bbox 489 1093 1801 1786">
     <span class='ocr_line' id='line_1_65' title="bbox 489 1093 1798 1146; baseline -0.005 -10"><span class='ocrx_word' id='word_1_227' title='bbox 489 1113 531 1136; x_wconf 83' lang='lat' dir='ltr'>ex</span> <span class='ocrx_word' id='word_1_228' title='bbox 564 1100 638 1136; x_wconf 90' lang='lat' dir='ltr'>sibi</span> <span class='ocrx_word' id='word_1_229' title='bbox 671 1098 793 1135; x_wconf 89' lang='lat' dir='ltr'>dubio</span> <span class='ocrx_word' id='word_1_230' title='bbox 827 1098 1052 1146; x_wconf 88' lang='lat' dir='ltr'>imponeret</span> <span class='ocrx_word' id='word_1_231' title='bbox 1086 1098 1160 1133; x_wconf 90' lang='lat' dir='ltr'>deo</span> <span class='ocrx_word' id='word_1_232' title='bbox 1195 1095 1558 1133; x_wconf 85' lang='lat' dir='ltr'>auctorisacionem</span> <span class='ocrx_word' id='word_1_233' title='bbox 1584 1093 1798 1131; x_wconf 87' lang='lat' dir='ltr'>mendacii.</span> 
     </span>
     <span class='ocr_line' id='line_1_66' title="bbox 490 1153 1801 1203; baseline -0.005 -9"><span class='ocrx_word' id='word_1_234' title='bbox 490 1159 608 1203; x_wconf 85' lang='lat' dir='ltr'>Quod</span> <span class='ocrx_word' id='word_1_235' title='bbox 641 1166 775 1194; x_wconf 85' lang='lat' dir='ltr'>autem</span> <span class='ocrx_word' id='word_1_236' title='bbox 809 1169 852 1192; x_wconf 80' lang='lat' dir='ltr'>ex</span> <span class='ocrx_word' id='word_1_237' title='bbox 884 1155 959 1192; x_wconf 86' lang='lat' dir='ltr'>sibi</span> <span class='ocrx_word' id='word_1_238' title='bbox 992 1155 1115 1191; x_wconf 89' lang='lat' dir='ltr'>dubio</span> <span class='ocrx_word' id='word_1_239' title='bbox 1140 1156 1215 1191; x_wconf 91' lang='lat' dir='ltr'>hoc</span> <span class='ocrx_word' id='word_1_240' title='bbox 1237 1156 1404 1191; x_wconf 88' lang='lat' dir='ltr'>verbum</span> <span class='ocrx_word' id='word_1_241' title='bbox 1427 1153 1476 1190; x_wconf 92' lang='lat' dir='ltr'>sit</span> <span class='ocrx_word' id='word_1_242' title='bbox 1498 1154 1657 1199; x_wconf 80' lang='lat' dir='ltr'>falsum,</span> <span class='ocrx_word' id='word_1_243' title='bbox 1691 1160 1801 1200; x_wconf 89' lang='lat' dir='ltr'>patet</span> 
     </span>
     <span class='ocr_line' id='line_1_67' title="bbox 489 1212 1800 1263; baseline -0.005 -11"><span class='ocrx_word' id='word_1_244' title='bbox 489 1225 570 1253; x_wconf 88' lang='lat' dir='ltr'>tam</span> <span class='ocrx_word' id='word_1_245' title='bbox 614 1228 657 1252; x_wconf 83' lang='lat' dir='ltr'>ex</span> <span class='ocrx_word' id='word_1_246' title='bbox 695 1223 808 1263; x_wconf 89' lang='lat' dir='ltr'>parte</span> <span class='ocrx_word' id='word_1_247' title='bbox 847 1213 1077 1262; x_wconf 74' lang='lat' dir='ltr'>penitentis,</span> <span class='ocrx_word' id='word_1_248' title='bbox 1124 1226 1245 1261; x_wconf 88' lang='lat' dir='ltr'>quam</span> <span class='ocrx_word' id='word_1_249' title='bbox 1287 1212 1541 1249; x_wconf 84' lang='lat' dir='ltr'>absolventis.</span> <span class='ocrx_word' id='word_1_250' title='bbox 1587 1213 1642 1247; x_wconf 81' lang='lat' dir='ltr'>Ex</span> <span class='ocrx_word' id='word_1_251' title='bbox 1687 1219 1800 1258; x_wconf 91' lang='lat' dir='ltr'>parte</span> 
     </span>
     <span class='ocr_line' id='line_1_68' title="bbox 490 1269 1800 1322; baseline -0.005 -12"><span class='ocrx_word' id='word_1_252' title='bbox 490 1273 719 1322; x_wconf 88' lang='lat' dir='ltr'>penitentis,</span> <span class='ocrx_word' id='word_1_253' title='bbox 770 1285 859 1308; x_wconf 88' lang='lat' dir='ltr'>curn</span> <span class='ocrx_word' id='word_1_254' title='bbox 904 1271 1062 1320; x_wconf 79' lang='lat' dir='ltr'>ignorat</span> <span class='ocrx_word' id='word_1_255' title='bbox 1106 1271 1137 1307; x_wconf 91' lang='lat' dir='ltr'>si</span> <span class='ocrx_word' id='word_1_256' title='bbox 1181 1271 1350 1319; x_wconf 88' lang='lat' dir='ltr'>ipsemet</span> <span class='ocrx_word' id='word_1_257' title='bbox 1394 1270 1443 1306; x_wconf 88' lang='lat' dir='ltr'>sit</span> <span class='ocrx_word' id='word_1_258' title='bbox 1489 1269 1706 1306; x_wconf 84' lang='lat' dir='ltr'>contritus:</span> <span class='ocrx_word' id='word_1_259' title='bbox 1763 1277 1800 1304; x_wconf 89' lang='lat' dir='ltr'>et</span> 
     </span>
     <span class='ocr_line' id='line_1_69' title="bbox 491 1326 1800 1379; baseline -0.005 -11"><span class='ocrx_word' id='word_1_260' title='bbox 491 1331 730 1375; x_wconf 87' lang='lat' dir='ltr'>evidencius,</span> <span class='ocrx_word' id='word_1_261' title='bbox 766 1330 833 1379; x_wconf 91' lang='lat' dir='ltr'>qui</span> <span class='ocrx_word' id='word_1_262' title='bbox 867 1329 1049 1366; x_wconf 87' lang='lat' dir='ltr'>absolvit.</span> <span class='ocrx_word' id='word_1_263' title='bbox 1096 1329 1313 1365; x_wconf 90' lang='lat' dir='ltr'>Absolvens</span> <span class='ocrx_word' id='word_1_264' title='bbox 1347 1337 1495 1373; x_wconf 88' lang='lat' dir='ltr'>autem,</span> <span class='ocrx_word' id='word_1_265' title='bbox 1537 1326 1662 1363; x_wconf 85' lang='lat' dir='ltr'>eciam</span> <span class='ocrx_word' id='word_1_266' title='bbox 1698 1326 1800 1362; x_wconf 91' lang='lat' dir='ltr'>sicut</span> 
     </span>
     <span class='ocr_line' id='line_1_70' title="bbox 490 1383 1801 1438; baseline -0.005 -12"><span class='ocrx_word' id='word_1_267' title='bbox 490 1390 685 1438; x_wconf 83' lang='lat' dir='ltr'>penitens,</span> <span class='ocrx_word' id='word_1_268' title='bbox 719 1389 876 1436; x_wconf 79' lang='lat' dir='ltr'>ignorat</span> <span class='ocrx_word' id='word_1_269' title='bbox 908 1388 939 1424; x_wconf 86' lang='lat' dir='ltr'>si</span> <span class='ocrx_word' id='word_1_270' title='bbox 962 1388 1003 1423; x_wconf 89' lang='lat' dir='ltr'>in</span> <span class='ocrx_word' id='word_1_271' title='bbox 1026 1400 1171 1435; x_wconf 86' lang='lat' dir='ltr'>penam</span> <span class='ocrx_word' id='word_1_272' title='bbox 1195 1386 1350 1435; x_wconf 86' lang='lat' dir='ltr'>peccati</span> <span class='ocrx_word' id='word_1_273' title='bbox 1374 1385 1503 1422; x_wconf 88' lang='lat' dir='ltr'>finalis</span> <span class='ocrx_word' id='word_1_274' title='bbox 1532 1383 1801 1433; x_wconf 88' lang='lat' dir='ltr'>inpenitencie</span> 
     </span>
     <span class='ocr_line' id='line_1_71' title="bbox 490 1441 1801 1496; baseline -0.005 -12"><span class='ocrx_word' id='word_1_275' title='bbox 490 1448 653 1496; x_wconf 84' lang='lat' dir='ltr'>aliquod</span> <span class='ocrx_word' id='word_1_276' title='bbox 683 1446 835 1483; x_wconf 84' lang='lat' dir='ltr'>crimen</span> <span class='ocrx_word' id='word_1_277' title='bbox 858 1445 1067 1491; x_wconf 86' lang='lat' dir='ltr'>dimiserit,</span> <span class='ocrx_word' id='word_1_278' title='bbox 1102 1446 1163 1481; x_wconf 89' lang='lat' dir='ltr'>vel</span> <span class='ocrx_word' id='word_1_279' title='bbox 1197 1458 1239 1481; x_wconf 76' lang='lat' dir='ltr'>ex</span> <span class='ocrx_word' id='word_1_280' title='bbox 1272 1445 1407 1492; x_wconf 86' lang='lat' dir='ltr'>aliqua</span> <span class='ocrx_word' id='word_1_281' title='bbox 1440 1444 1517 1480; x_wconf 85' lang='lat' dir='ltr'>alia</span> <span class='ocrx_word' id='word_1_282' title='bbox 1550 1441 1801 1491; x_wconf 80' lang='lat' dir='ltr'>negligencia</span> 
     </span>
     <span class='ocr_line' id='line_1_72' title="bbox 490 1499 1801 1553; baseline -0.005 -11"><span class='ocrx_word' id='word_1_283' title='bbox 490 1507 588 1543; x_wconf 85' lang='lat' dir='ltr'>false</span> <span class='ocrx_word' id='word_1_284' title='bbox 620 1504 849 1553; x_wconf 84' lang='lat' dir='ltr'>penituerit.</span> <span class='ocrx_word' id='word_1_285' title='bbox 885 1506 937 1539; x_wconf 85' lang='lat' dir='ltr'>Ex</span> <span class='ocrx_word' id='word_1_286' title='bbox 971 1512 1083 1551; x_wconf 89' lang='lat' dir='ltr'>parte</span> <span class='ocrx_word' id='word_1_287' title='bbox 1111 1515 1205 1539; x_wconf 88' lang='lat' dir='ltr'>vero</span> <span class='ocrx_word' id='word_1_288' title='bbox 1238 1502 1493 1548; x_wconf 82' lang='lat' dir='ltr'>absolventis,</span> <span class='ocrx_word' id='word_1_289' title='bbox 1528 1501 1736 1549; x_wconf 84' lang='lat' dir='ltr'>ignoratur</span> <span class='ocrx_word' id='word_1_290' title='bbox 1769 1499 1801 1535; x_wconf 90' lang='lat' dir='ltr'>si</span> 
     </span>
     <span class='ocr_line' id='line_1_73' title="bbox 490 1559 1801 1612; baseline -0.005 -12"><span class='ocrx_word' id='word_1_291' title='bbox 490 1564 540 1601; x_wconf 88' lang='lat' dir='ltr'>sit</span> <span class='ocrx_word' id='word_1_292' title='bbox 572 1563 768 1612; x_wconf 86' lang='lat' dir='ltr'>prescitus</span> <span class='ocrx_word' id='word_1_293' title='bbox 799 1562 861 1599; x_wconf 80' lang='lat' dir='ltr'>vel</span> <span class='ocrx_word' id='word_1_294' title='bbox 895 1563 1121 1598; x_wconf 86' lang='lat' dir='ltr'>membrum</span> <span class='ocrx_word' id='word_1_295' title='bbox 1156 1561 1340 1606; x_wconf 83' lang='lat' dir='ltr'>ecclesie;</span> <span class='ocrx_word' id='word_1_296' title='bbox 1379 1560 1411 1596; x_wconf 91' lang='lat' dir='ltr'>si</span> <span class='ocrx_word' id='word_1_297' title='bbox 1443 1560 1492 1596; x_wconf 90' lang='lat' dir='ltr'>sit</span> <span class='ocrx_word' id='word_1_298' title='bbox 1525 1559 1725 1595; x_wconf 85' lang='lat' dir='ltr'>hereticus</span> <span class='ocrx_word' id='word_1_299' title='bbox 1758 1570 1801 1594; x_wconf 85' lang='lat' dir='ltr'>ex</span> 
     </span>
     <span class='ocr_line' id='line_1_74' title="bbox 490 1619 1801 1670; baseline -0.005 -12"><span class='ocrx_word' id='word_1_300' title='bbox 490 1621 686 1670; x_wconf 85' lang='lat' dir='ltr'>symonia,</span> <span class='ocrx_word' id='word_1_301' title='bbox 720 1633 841 1669; x_wconf 88' lang='lat' dir='ltr'>quam</span> <span class='ocrx_word' id='word_1_302' title='bbox 877 1619 1054 1656; x_wconf 86' lang='lat' dir='ltr'>defendit</span> <span class='ocrx_word' id='word_1_303' title='bbox 1086 1631 1207 1667; x_wconf 88' lang='lat' dir='ltr'>opere</span> <span class='ocrx_word' id='word_1_304' title='bbox 1230 1620 1290 1655; x_wconf 90' lang='lat' dir='ltr'>vel</span> <span class='ocrx_word' id='word_1_305' title='bbox 1323 1630 1537 1662; x_wconf 78' lang='lat' dir='ltr'>consensu3</span> <span class='ocrx_word' id='word_1_306' title='bbox 1573 1630 1661 1653; x_wconf 89' lang='lat' dir='ltr'>cum</span> <span class='ocrx_word' id='word_1_307' title='bbox 1687 1624 1801 1665; x_wconf 89' lang='lat' dir='ltr'>quot-</span> 
     </span>
     <span class='ocr_line' id='line_1_75' title="bbox 491 1673 1800 1729; baseline -0.005 -13"><span class='ocrx_word' id='word_1_308' title='bbox 491 1689 589 1729; x_wconf 85' lang='lat' dir='ltr'>quot</span> <span class='ocrx_word' id='word_1_309' title='bbox 628 1679 840 1724; x_wconf 89' lang='lat' dir='ltr'>similibus,</span> <span class='ocrx_word' id='word_1_310' title='bbox 888 1691 931 1715; x_wconf 85' lang='lat' dir='ltr'>ex</span> <span class='ocrx_word' id='word_1_311' title='bbox 971 1678 1113 1726; x_wconf 85' lang='lat' dir='ltr'>quibus</span> <span class='ocrx_word' id='word_1_312' title='bbox 1159 1676 1424 1725; x_wconf 86' lang='lat' dir='ltr'>impediretur</span> <span class='ocrx_word' id='word_1_313' title='bbox 1462 1688 1554 1712; x_wconf 87' lang='lat' dir='ltr'>vera</span> <span class='ocrx_word' id='word_1_314' title='bbox 1594 1673 1800 1711; x_wconf 87' lang='lat' dir='ltr'>absolucio</span> 
     </span>
     <span class='ocr_line' id='line_1_76' title="bbox 494 1739 758 1786; baseline -0.008 -11"><span class='ocrx_word' id='word_1_315' title='bbox 494 1747 591 1786; x_wconf 86' lang='lat' dir='ltr'>aput</span> <span class='ocrx_word' id='word_1_316' title='bbox 626 1739 758 1773; x_wconf 88' lang='lat' dir='ltr'>deum.</span> 
     </span>
    </p>

    <p class='ocr_par' dir='ltr' id='par_1_10' title="bbox 491 1790 1803 2018">
     <span class='ocr_line' id='line_1_77' title="bbox 550 1790 1802 1842; baseline -0.006 -10"><span class='ocrx_word' id='word_1_317' title='bbox 550 1798 632 1832; x_wconf 86' lang='lat' dir='ltr'>Nec</span> <span class='ocrx_word' id='word_1_318' title='bbox 652 1796 756 1832; x_wconf 85' lang='lat' dir='ltr'>valet</span> <span class='ocrx_word' id='word_1_319' title='bbox 780 1794 911 1831; x_wconf 85' lang='lat' dir='ltr'>dicere</span> <span class='ocrx_word' id='word_1_320' title='bbox 935 1795 1043 1842; x_wconf 89' lang='lat' dir='ltr'>quod</span> <span class='ocrx_word' id='word_1_321' title='bbox 1066 1793 1273 1830; x_wconf 85' lang='lat' dir='ltr'>absolucio</span> <span class='ocrx_word' id='word_1_322' title='bbox 1297 1792 1346 1828; x_wconf 87' lang='lat' dir='ltr'>sit</span> <span class='ocrx_word' id='word_1_323' title='bbox 1367 1792 1497 1828; x_wconf 89' lang='lat' dir='ltr'>solum</span> <span class='ocrx_word' id='word_1_324' title='bbox 1517 1790 1802 1827; x_wconf 85' lang='lat' dir='ltr'>condicionata</span> 
     </span>
     <span class='ocr_line' id='line_1_78' title="bbox 494 1849 1802 1902; baseline -0.005 -12"><span class='ocrx_word' id='word_1_325' title='bbox 494 1864 530 1890; x_wconf 89' lang='lat' dir='ltr'>et</span> <span class='ocrx_word' id='word_1_326' title='bbox 563 1863 759 1902; x_wconf 86' lang='lat' dir='ltr'>quatenus</span> <span class='ocrx_word' id='word_1_327' title='bbox 793 1854 889 1889; x_wconf 88' lang='lat' dir='ltr'>deus</span> <span class='ocrx_word' id='word_1_328' title='bbox 923 1851 1210 1900; x_wconf 78' lang='lat' dir='ltr'>acceptaverit3</span> <span class='ocrx_word' id='word_1_329' title='bbox 1243 1860 1328 1887; x_wconf 85' lang='lat' dir='ltr'>turn</span> <span class='ocrx_word' id='word_1_330' title='bbox 1353 1849 1447 1898; x_wconf 86' lang='lat' dir='ltr'>quia</span> <span class='ocrx_word' id='word_1_331' title='bbox 1480 1850 1687 1885; x_wconf 88' lang='lat' dir='ltr'>tolleretur</span> <span class='ocrx_word' id='word_1_332' title='bbox 1720 1860 1802 1884; x_wconf 89' lang='lat' dir='ltr'>cer-</span> 
     </span>
     <span class='ocr_line' id='line_1_79' title="bbox 492 1906 1802 1958; baseline -0.005 -10"><span class='ocrx_word' id='word_1_333' title='bbox 492 1912 622 1948; x_wconf 88' lang='lat' dir='ltr'>titudo</span> <span class='ocrx_word' id='word_1_334' title='bbox 663 1910 931 1948; x_wconf 84' lang='lat' dir='ltr'>absolucionis</span> <span class='ocrx_word' id='word_1_335' title='bbox 971 1911 1019 1946; x_wconf 91' lang='lat' dir='ltr'>ab</span> <span class='ocrx_word' id='word_1_336' title='bbox 1058 1910 1145 1958; x_wconf 87' lang='lat' dir='ltr'>ipso</span> <span class='ocrx_word' id='word_1_337' title='bbox 1185 1909 1380 1954; x_wconf 90' lang='lat' dir='ltr'>confesso,</span> <span class='ocrx_word' id='word_1_338' title='bbox 1426 1920 1515 1944; x_wconf 88' lang='lat' dir='ltr'>cum</span> <span class='ocrx_word' id='word_1_339' title='bbox 1561 1906 1647 1952; x_wconf 85' lang='lat' dir='ltr'>scit,</span> <span class='ocrx_word' id='word_1_340' title='bbox 1694 1907 1802 1954; x_wconf 89' lang='lat' dir='ltr'>quod</span> 
     </span>
     <span class='ocr_line' id='line_1_80' title="bbox 491 1965 1803 2018; baseline -0.005 -12"><span class='ocrx_word' id='word_1_341' title='bbox 491 1984 572 2006; x_wconf 88' lang='lat' dir='ltr'>non</span> <span class='ocrx_word' id='word_1_342' title='bbox 600 1969 799 2018; x_wconf 88' lang='lat' dir='ltr'>sequitur:</span> <span class='ocrx_word' id='word_1_343' title='bbox 835 1969 1036 2004; x_wconf 81' lang='lat' dir='ltr'>“Absolvo</span> <span class='ocrx_word' id='word_1_344' title='bbox 1060 1977 1110 2013; x_wconf 91' lang='lat' dir='ltr'>te,</span> <span class='ocrx_word' id='word_1_345' title='bbox 1144 1967 1176 2004; x_wconf 91' lang='lat' dir='ltr'>si</span> <span class='ocrx_word' id='word_1_346' title='bbox 1199 1967 1294 2003; x_wconf 90' lang='lat' dir='ltr'>deus</span> <span class='ocrx_word' id='word_1_347' title='bbox 1316 1965 1528 2011; x_wconf 85' lang='lat' dir='ltr'>voluerit,&#39;’</span> <span class='ocrx_word' id='word_1_348' title='bbox 1564 1977 1671 2012; x_wconf 86' lang='lat' dir='ltr'>ergo,</span> <span class='ocrx_word' id='word_1_349' title='bbox 1706 1966 1803 2000; x_wconf 80' lang='lat' dir='ltr'>“ab-</span> 
     </span>
    </p>
   </div>
   <div class='ocr_carea' id='block_1_10' title="bbox 492 2023 1836 2074">
    <p class='ocr_par' dir='ltr' id='par_1_11' title="bbox 492 2023 1836 2074">
     <span class='ocr_line' id='line_1_81' title="bbox 492 2023 1836 2074; baseline -0.004 -9"><span class='ocrx_word' id='word_1_350' title='bbox 492 2030 602 2065; x_wconf 86' lang='lat' dir='ltr'>solvo</span> <span class='ocrx_word' id='word_1_351' title='bbox 635 2038 672 2064; x_wconf 91' lang='lat' dir='ltr'>te</span> <span class='ocrx_word' id='word_1_352' title='bbox 704 2029 764 2065; x_wconf 86' lang='lat' dir='ltr'>vel</span> <span class='ocrx_word' id='word_1_353' title='bbox 797 2029 847 2064; x_wconf 93' lang='lat' dir='ltr'>do</span> <span class='ocrx_word' id='word_1_354' title='bbox 879 2026 950 2063; x_wconf 88' lang='lat' dir='ltr'>tibi</span> <span class='ocrx_word' id='word_1_355' title='bbox 984 2026 1148 2074; x_wconf 89' lang='lat' dir='ltr'>aliquod</span> <span class='ocrx_word' id='word_1_356' title='bbox 1180 2025 1402 2061; x_wconf 88' lang='lat' dir='ltr'>remedium</span> <span class='ocrx_word' id='word_1_357' title='bbox 1427 2023 1682 2071; x_wconf 79' lang='lat' dir='ltr'>spirituale3&#39;&#39;</span> <span class='ocrx_word' id='word_1_358' title='bbox 1717 2028 1836 2060; x_wconf 66' lang='lat' dir='ltr'>tum?</span> 
     </span>
    </p>
   </div>
   <div class='ocr_carea' id='block_1_11' title="bbox 492 2079 1805 2305">
    <p class='ocr_par' dir='ltr' id='par_1_12' title="bbox 492 2079 1805 2305">
     <span class='ocr_line' id='line_1_82' title="bbox 494 2079 1801 2134; baseline -0.005 -12"><span class='ocrx_word' id='word_1_359' title='bbox 494 2087 619 2122; x_wconf 85' lang='lat' dir='ltr'>eciam</span> <span class='ocrx_word' id='word_1_360' title='bbox 655 2086 749 2134; x_wconf 86' lang='lat' dir='ltr'>quia</span> <span class='ocrx_word' id='word_1_361' title='bbox 781 2085 837 2121; x_wconf 90' lang='lat' dir='ltr'>sic</span> <span class='ocrx_word' id='word_1_362' title='bbox 876 2086 1022 2120; x_wconf 87' lang='lat' dir='ltr'>nedum</span> <span class='ocrx_word' id='word_1_363' title='bbox 1062 2085 1250 2120; x_wconf 88' lang='lat' dir='ltr'>sacerdos</span> <span class='ocrx_word' id='word_1_364' title='bbox 1291 2091 1512 2125; x_wconf 84' lang='lat' dir='ltr'>extraneus,</span> <span class='ocrx_word' id='word_1_365' title='bbox 1559 2082 1627 2117; x_wconf 88' lang='lat' dir='ltr'>sed</span> <span class='ocrx_word' id='word_1_366' title='bbox 1674 2079 1801 2116; x_wconf 88' lang='lat' dir='ltr'>eciam</span> 
     </span>
     <span class='ocr_line' id='line_1_83' title="bbox 492 2140 1803 2191; baseline -0.006 -10"><span class='ocrx_word' id='word_1_367' title='bbox 492 2145 617 2181; x_wconf 89' lang='lat' dir='ltr'>laicus</span> <span class='ocrx_word' id='word_1_368' title='bbox 651 2153 784 2191; x_wconf 88' lang='lat' dir='ltr'>posset</span> <span class='ocrx_word' id='word_1_369' title='bbox 808 2156 828 2179; x_wconf 85' lang='lat' dir='ltr'>a</span> <span class='ocrx_word' id='word_1_370' title='bbox 852 2151 1019 2191; x_wconf 86' lang='lat' dir='ltr'>peccato</span> <span class='ocrx_word' id='word_1_371' title='bbox 1049 2153 1290 2190; x_wconf 88' lang='lat' dir='ltr'>quocunque</span> <span class='ocrx_word' id='word_1_372' title='bbox 1323 2140 1539 2176; x_wconf 89' lang='lat' dir='ltr'>absolvere.</span> <span class='ocrx_word' id='word_1_373' title='bbox 1574 2140 1689 2175; x_wconf 89' lang='lat' dir='ltr'>Unde</span> <span class='ocrx_word' id='word_1_374' title='bbox 1722 2147 1803 2174; x_wconf 88' lang='lat' dir='ltr'>tam</span> 
     </span>
     <span class='ocr_line' id='line_1_84' title="bbox 493 2196 1804 2250; baseline -0.005 -12"><span class='ocrx_word' id='word_1_375' title='bbox 493 2204 681 2239; x_wconf 82' lang='lat' dir='ltr'>sacerdos</span> <span class='ocrx_word' id='word_1_376' title='bbox 715 2214 835 2250; x_wconf 91' lang='lat' dir='ltr'>quam</span> <span class='ocrx_word' id='word_1_377' title='bbox 872 2201 1067 2237; x_wconf 85' lang='lat' dir='ltr'>confitens</span> <span class='ocrx_word' id='word_1_378' title='bbox 1100 2208 1260 2236; x_wconf 87' lang='lat' dir='ltr'>notaret</span> <span class='ocrx_word' id='word_1_379' title='bbox 1297 2196 1655 2246; x_wconf 87' lang='lat' dir='ltr'>indisposicionem</span> <span class='ocrx_word' id='word_1_380' title='bbox 1696 2208 1804 2244; x_wconf 88' lang='lat' dir='ltr'>pres-</span> 
     </span>
     <span class='ocr_line' id='line_1_85' title="bbox 493 2254 1805 2305; baseline -0.006 -8"><span class='ocrx_word' id='word_1_381' title='bbox 493 2260 608 2297; x_wconf 89' lang='lat' dir='ltr'>biteri</span> <span class='ocrx_word' id='word_1_382' title='bbox 631 2259 886 2305; x_wconf 82' lang='lat' dir='ltr'>absolventis,</span> <span class='ocrx_word' id='word_1_383' title='bbox 912 2260 1080 2295; x_wconf 87' lang='lat' dir='ltr'>docente</span> <span class='ocrx_word' id='word_1_384' title='bbox 1097 2260 1257 2294; x_wconf 89' lang='lat' dir='ltr'>decreto</span> <span class='ocrx_word' id='word_1_385' title='bbox 1274 2258 1320 2292; x_wconf 91' lang='lat' dir='ltr'>de</span> <span class='ocrx_word' id='word_1_386' title='bbox 1344 2254 1570 2304; x_wconf 87' lang='lat' dir='ltr'>penitencia</span> <span class='ocrx_word' id='word_1_387' title='bbox 1587 2254 1677 2290; x_wconf 84' lang='lat' dir='ltr'>dist.</span> <span class='ocrx_word' id='word_1_388' title='bbox 1695 2256 1739 2291; x_wconf 69' lang='lat'>6²²</span> <span class='ocrx_word' id='word_1_389' title='bbox 1762 2266 1805 2290; x_wconf 80' lang='lat' dir='ltr'>ex</span> 
     </span>
    </p>
   </div>
   <div class='ocr_carea' id='block_1_12' title="bbox 494 2376 1806 2545">
    <p class='ocr_par' dir='ltr' id='par_1_13' title="bbox 494 2376 1806 2545">
     <span class='ocr_line' id='line_1_86' title="bbox 563 2376 1805 2417; baseline -0.006 -8"><span class='ocrx_word' id='word_1_390' title='bbox 563 2390 589 2417; x_wconf 85' lang='lat'>2,</span> <span class='ocrx_word' id='word_1_391' title='bbox 616 2380 640 2409; x_wconf 81' lang='lat'>3.</span> <span class='ocrx_word' id='word_1_392' title='bbox 668 2381 832 2409; x_wconf 75' lang='lat' dir='ltr'>eukaristie</span> <span class='ocrx_word' id='word_1_393' title='bbox 857 2395 890 2400; x_wconf 80' lang='lat'><em>-</em></span> <span class='ocrx_word' id='word_1_394' title='bbox 916 2380 1086 2415; x_wconf 84' lang='lat' dir='ltr'>quidditate</span> <span class='ocrx_word' id='word_1_395' title='bbox 1113 2380 1198 2406; x_wconf 77' lang='lat' dir='ltr'>deest</span> <span class='ocrx_word' id='word_1_396' title='bbox 1222 2379 1256 2407; x_wconf 90' lang='lat' dir='ltr'>C.</span> <span class='ocrx_word' id='word_1_397' title='bbox 1352 2378 1376 2406; x_wconf 82' lang='lat'>5.</span> <span class='ocrx_word' id='word_1_398' title='bbox 1405 2378 1462 2405; x_wconf 86' lang='lat' dir='ltr'>nisi</span> <span class='ocrx_word' id='word_1_399' title='bbox 1489 2377 1553 2405; x_wconf 88' lang='lat' dir='ltr'>AB.</span> <span class='ocrx_word' id='word_1_400' title='bbox 1646 2385 1673 2411; x_wconf 87' lang='lat'>9.</span> <span class='ocrx_word' id='word_1_401' title='bbox 1703 2376 1746 2403; x_wconf 57' lang='lat' dir='ltr'>ow</span> <span class='ocrx_word' id='word_1_402' title='bbox 1768 2377 1805 2409; x_wconf 69' lang='grc' dir='ltr'>Βς</span> 
     </span>
     <span class='ocr_line' id='line_1_87' title="bbox 494 2411 1805 2451; baseline -0.005 -7"><span class='ocrx_word' id='word_1_403' title='bbox 494 2417 531 2444; x_wconf 75' lang='lat' dir='ltr'>ih.</span> <span class='ocrx_word' id='word_1_404' title='bbox 553 2417 569 2444; x_wconf 81' lang='lat'>8</span> <span class='ocrx_word' id='word_1_405' title='bbox 590 2417 630 2451; x_wconf 67' lang='lat' dir='ltr'>C,</span> <span class='ocrx_word' id='word_1_406' title='bbox 657 2416 694 2443; x_wconf 67' lang='lat' dir='ltr'>ib.</span> <span class='ocrx_word' id='word_1_407' title='bbox 717 2417 753 2443; x_wconf 83' lang='lat' dir='ltr'>Et</span> <span class='ocrx_word' id='word_1_408' title='bbox 774 2417 859 2444; x_wconf 74' lang='lat' dir='ltr'>deest</span> <span class='ocrx_word' id='word_1_409' title='bbox 877 2416 908 2442; x_wconf 81' lang='lat' dir='ltr'>B.</span> <span class='ocrx_word' id='word_1_410' title='bbox 1001 2414 1038 2443; x_wconf 82' lang='lat'>15.</span> <span class='ocrx_word' id='word_1_411' title='bbox 1060 2415 1091 2442; x_wconf 86' lang='lat' dir='ltr'>fit</span> <span class='ocrx_word' id='word_1_412' title='bbox 1110 2415 1150 2441; x_wconf 88' lang='lat' dir='ltr'>A.</span> <span class='ocrx_word' id='word_1_413' title='bbox 1247 2422 1285 2449; x_wconf 88' lang='lat'>17.</span> <span class='ocrx_word' id='word_1_414' title='bbox 1308 2413 1331 2440; x_wconf 90' lang='lat' dir='ltr'>si</span> <span class='ocrx_word' id='word_1_415' title='bbox 1353 2414 1391 2440; x_wconf 91' lang='lat' dir='ltr'>A.</span> <span class='ocrx_word' id='word_1_416' title='bbox 1484 2412 1523 2440; x_wconf 71' lang='grc' dir='ltr'>(ὃ.</span> <span class='ocrx_word' id='word_1_417' title='bbox 1546 2411 1642 2438; x_wconf 74' lang='lat' dir='ltr'>eciam</span> <span class='ocrx_word' id='word_1_418' title='bbox 1663 2411 1747 2438; x_wconf 77' lang='lat' dir='ltr'>deest</span> <span class='ocrx_word' id='word_1_419' title='bbox 1767 2413 1805 2439; x_wconf 90' lang='lat' dir='ltr'>A.</span> 
     </span>
     <span class='ocr_line' id='line_1_88' title="bbox 496 2458 1806 2514; baseline -0.005 -12"><span class='ocrx_word' id='word_1_420' title='bbox 496 2484 536 2510; x_wconf 72' lang='lat'>¹9·</span> <span class='ocrx_word' id='word_1_421' title='bbox 563 2474 768 2514; x_wconf 72' lang='lat' dir='ltr'>penitenciam</span> <span class='ocrx_word' id='word_1_422' title='bbox 791 2474 853 2501; x_wconf 78' lang='grc' dir='ltr'>ΑΒ.</span> <span class='ocrx_word' id='word_1_423' title='bbox 874 2508 878 2512; x_wconf 31' lang='lat'>¹</span> <span class='ocrx_word' id='word_1_424' title='bbox 927 2481 971 2511; x_wconf 65' lang='lat'>²7:</span> <span class='ocrx_word' id='word_1_425' title='bbox 999 2458 1112 2507; x_wconf 50' lang='lat' dir='ltr'>zs1‘i‘gi‘i‘s</span> <span class='ocrx_word' id='word_1_426' title='bbox 1133 2473 1176 2505; x_wconf 91' lang='lat'>(=</span> <span class='ocrx_word' id='word_1_427' title='bbox 1191 2476 1219 2499; x_wconf 91' lang='lat' dir='ltr'>et</span> <span class='ocrx_word' id='word_1_428' title='bbox 1239 2472 1264 2499; x_wconf 90' lang='lat' dir='ltr'>si</span> <span class='ocrx_word' id='word_1_429' title='bbox 1286 2472 1315 2499; x_wconf 96' lang='lat' dir='ltr'>in</span> <span class='ocrx_word' id='word_1_430' title='bbox 1337 2471 1498 2506; x_wconf 82' lang='lat' dir='ltr'>quatenus)</span> <span class='ocrx_word' id='word_1_431' title='bbox 1519 2471 1565 2503; x_wconf 86' lang='lat' dir='ltr'>A;</span> <span class='ocrx_word' id='word_1_432' title='bbox 1588 2469 1612 2496; x_wconf 83' lang='lat' dir='ltr'>si</span> <span class='ocrx_word' id='word_1_433' title='bbox 1633 2474 1660 2496; x_wconf 83' lang='lat' dir='ltr'>et</span> <span class='ocrx_word' id='word_1_434' title='bbox 1681 2459 1750 2504; x_wconf 73' lang='lat' dir='ltr'>qfus</span> <span class='ocrx_word' id='word_1_435' title='bbox 1772 2469 1806 2497; x_wconf 88' lang='lat' dir='ltr'>C.</span> 
     </span>
     <span class='ocr_line' id='line_1_89' title="bbox 495 2507 1187 2545; baseline -0.006 -8"><span class='ocrx_word' id='word_1_436' title='bbox 495 2518 540 2544; x_wconf 68' lang='lat'>29.</span> <span class='ocrx_word' id='word_1_437' title='bbox 562 2515 655 2545; x_wconf 76' lang='lat' dir='ltr'>igitur</span> <span class='ocrx_word' id='word_1_438' title='bbox 675 2509 708 2537; x_wconf 84' lang='lat' dir='ltr'>C.</span> <span class='ocrx_word' id='word_1_439' title='bbox 783 2508 828 2542; x_wconf 74' lang='lat'>34.</span> <span class='ocrx_word' id='word_1_440' title='bbox 851 2509 980 2536; x_wconf 82' lang='lat' dir='ltr'>dicentis</span> <span class='ocrx_word' id='word_1_441' title='bbox 1002 2507 1129 2535; x_wconf 84' lang='lat' dir='ltr'>docente</span> <span class='ocrx_word' id='word_1_442' title='bbox 1149 2508 1187 2534; x_wconf 91' lang='lat' dir='ltr'>A.</span> 
     </span>
    </p>
   </div>
   <div class='ocr_carea' id='block_1_13' title="bbox 496 2576 1808 2900">
    <p class='ocr_par' dir='ltr' id='par_1_14' title="bbox 496 2576 1808 2900">
     <span class='ocr_line' id='line_1_90' title="bbox 570 2576 1808 2613; baseline -0.006 0"><span class='ocrx_word' id='word_1_443' title='bbox 570 2593 619 2613; x_wconf 82' lang='lat' dir='ltr'>io.</span> <span class='ocrx_word' id='word_1_444' title='bbox 652 2583 776 2613; x_wconf 75' lang='lat' dir='ltr'>Verum</span> <span class='ocrx_word' id='word_1_445' title='bbox 804 2581 857 2613; x_wconf 76' lang='lat' dir='ltr'>vel</span> <span class='ocrx_word' id='word_1_446' title='bbox 885 2579 1117 2612; x_wconf 80' lang='lat' dir='ltr'>mendacium.</span> <span class='ocrx_word' id='word_1_447' title='bbox 1145 2579 1211 2609; x_wconf 87' lang='lat' dir='ltr'>We</span> <span class='ocrx_word' id='word_1_448' title='bbox 1238 2578 1364 2609; x_wconf 86' lang='lat' dir='ltr'>should</span> <span class='ocrx_word' id='word_1_449' title='bbox 1393 2584 1474 2608; x_wconf 86' lang='lat' dir='ltr'>note</span> <span class='ocrx_word' id='word_1_450' title='bbox 1492 2576 1565 2608; x_wconf 91' lang='lat' dir='ltr'>that</span> <span class='ocrx_word' id='word_1_451' title='bbox 1582 2576 1639 2607; x_wconf 88' lang='lat' dir='ltr'>the</span> <span class='ocrx_word' id='word_1_452' title='bbox 1659 2576 1808 2607; x_wconf 85' lang='lat' dir='ltr'>formula</span> 
     </span>
     <span class='ocr_line' id='line_1_91' title="bbox 496 2624 1806 2665; baseline -0.005 -5"><span class='ocrx_word' id='word_1_453' title='bbox 496 2629 535 2660; x_wconf 81' lang='lat' dir='ltr'>of</span> <span class='ocrx_word' id='word_1_454' title='bbox 557 2628 756 2660; x_wconf 88' lang='lat' dir='ltr'>absolution</span> <span class='ocrx_word' id='word_1_455' title='bbox 783 2627 940 2658; x_wconf 86' lang='lat' dir='ltr'>contains</span> <span class='ocrx_word' id='word_1_456' title='bbox 965 2626 1023 2657; x_wconf 86' lang='lat' dir='ltr'>the</span> <span class='ocrx_word' id='word_1_457' title='bbox 1049 2625 1258 2656; x_wconf 84' lang='lat' dir='ltr'>restriction:</span> <span class='ocrx_word' id='word_1_458' title='bbox 1286 2624 1319 2656; x_wconf 84' lang='lat' dir='ltr'>in</span> <span class='ocrx_word' id='word_1_459' title='bbox 1347 2627 1517 2665; x_wconf 80' lang='lat' dir='ltr'>quantum</span> <span class='ocrx_word' id='word_1_460' title='bbox 1537 2632 1684 2664; x_wconf 80' lang='lat' dir='ltr'>possum</span> <span class='ocrx_word' id='word_1_461' title='bbox 1711 2627 1745 2653; x_wconf 82' lang='lat' dir='ltr'>et</span> <span class='ocrx_word' id='word_1_462' title='bbox 1771 2626 1806 2653; x_wconf 83' lang='lat' dir='ltr'>tu</span> 
     </span>
     <span class='ocr_line' id='line_1_92' title="bbox 497 2669 1808 2717; baseline -0.005 -12"><span class='ocrx_word' id='word_1_463' title='bbox 497 2675 645 2717; x_wconf 74' lang='lat' dir='ltr'>indiges.</span> <span class='ocrx_word' id='word_1_464' title='bbox 744 2684 796 2715; x_wconf 82' lang='lat'>27,</span> <span class='ocrx_word' id='word_1_465' title='bbox 826 2672 878 2705; x_wconf 83' lang='lat'>28.</span> <span class='ocrx_word' id='word_1_466' title='bbox 908 2672 1102 2704; x_wconf 71' lang='lat' dir='ltr'>Cer-titudo.</span> <span class='ocrx_word' id='word_1_467' title='bbox 1129 2671 1237 2702; x_wconf 84' lang='lat' dir='ltr'>What</span> <span class='ocrx_word' id='word_1_468' title='bbox 1254 2669 1387 2712; x_wconf 80' lang='lat' dir='ltr'>Wyclif</span> <span class='ocrx_word' id='word_1_469' title='bbox 1409 2679 1581 2711; x_wconf 87' lang='lat' dir='ltr'>supposes</span> <span class='ocrx_word' id='word_1_470' title='bbox 1608 2669 1808 2700; x_wconf 88' lang='lat' dir='ltr'>absolution</span> 
     </span>
     <span class='ocr_line' id='line_1_93' title="bbox 497 2715 1807 2762; baseline -0.006 -9"><span class='ocrx_word' id='word_1_471' title='bbox 497 2721 623 2752; x_wconf 84' lang='lat' dir='ltr'>should</span> <span class='ocrx_word' id='word_1_472' title='bbox 650 2721 729 2762; x_wconf 81' lang='lat' dir='ltr'>give</span> <span class='ocrx_word' id='word_1_473' title='bbox 755 2721 782 2751; x_wconf 91' lang='lat' dir='ltr'>is</span> <span class='ocrx_word' id='word_1_474' title='bbox 809 2720 966 2751; x_wconf 87' lang='lat' dir='ltr'>absolute</span> <span class='ocrx_word' id='word_1_475' title='bbox 992 2718 1158 2749; x_wconf 84' lang='lat' dir='ltr'>certitude</span> <span class='ocrx_word' id='word_1_476' title='bbox 1184 2717 1223 2748; x_wconf 83' lang='lat' dir='ltr'>of</span> <span class='ocrx_word' id='word_1_477' title='bbox 1246 2717 1480 2758; x_wconf 81' lang='lat' dir='ltr'>forgiveness3</span> <span class='ocrx_word' id='word_1_478' title='bbox 1507 2715 1622 2746; x_wconf 81' lang='lat' dir='ltr'>which</span> <span class='ocrx_word' id='word_1_479' title='bbox 1642 2716 1670 2746; x_wconf 91' lang='lat' dir='ltr'>is</span> <span class='ocrx_word' id='word_1_480' title='bbox 1689 2725 1706 2746; x_wconf 92' lang='lat' dir='ltr'>a</span> <span class='ocrx_word' id='word_1_481' title='bbox 1724 2725 1807 2757; x_wconf 76' lang='lat' dir='ltr'>very</span> 
     </span>
     <span class='ocr_line' id='line_1_94' title="bbox 497 2761 1807 2808; baseline -0.006 -9"><span class='ocrx_word' id='word_1_482' title='bbox 497 2778 570 2798; x_wconf 80' lang='lat' dir='ltr'>rare</span> <span class='ocrx_word' id='word_1_483' title='bbox 601 2767 699 2808; x_wconf 82' lang='lat' dir='ltr'>thing</span> <span class='ocrx_word' id='word_1_484' title='bbox 731 2767 868 2798; x_wconf 87' lang='lat' dir='ltr'>indeed.</span> <span class='ocrx_word' id='word_1_485' title='bbox 907 2767 954 2797; x_wconf 81' lang='lat' dir='ltr'>St.</span> <span class='ocrx_word' id='word_1_486' title='bbox 988 2765 1139 2796; x_wconf 83' lang='lat' dir='ltr'>Bernard</span> <span class='ocrx_word' id='word_1_487' title='bbox 1173 2764 1258 2795; x_wconf 86' lang='lat' dir='ltr'>used</span> <span class='ocrx_word' id='word_1_488' title='bbox 1290 2770 1324 2793; x_wconf 91' lang='lat' dir='ltr'>to</span> <span class='ocrx_word' id='word_1_489' title='bbox 1357 2763 1460 2804; x_wconf 79' lang='lat' dir='ltr'>apply</span> <span class='ocrx_word' id='word_1_490' title='bbox 1494 2761 1562 2792; x_wconf 90' lang='lat' dir='ltr'>this</span> <span class='ocrx_word' id='word_1_491' title='bbox 1595 2771 1739 2802; x_wconf 83' lang='lat' dir='ltr'>passage</span> <span class='ocrx_word' id='word_1_492' title='bbox 1771 2767 1807 2791; x_wconf 87' lang='lat' dir='ltr'>to</span> 
     </span>
     <span class='ocr_line' id='line_1_95' title="bbox 497 2807 1807 2849; baseline -0.006 -4"><span class='ocrx_word' id='word_1_493' title='bbox 497 2813 651 2845; x_wconf 80' lang='lat' dir='ltr'>himself:</span> <span class='ocrx_word' id='word_1_494' title='bbox 703 2813 812 2845; x_wconf 79' lang='lat' dir='ltr'>nescit</span> <span class='ocrx_word' id='word_1_495' title='bbox 859 2813 961 2844; x_wconf 85' lang='lat' dir='ltr'>lzomo</span> <span class='ocrx_word' id='word_1_496' title='bbox 1012 2815 1129 2842; x_wconf 81' lang='lat' dir='ltr'>utrum</span> <span class='ocrx_word' id='word_1_497' title='bbox 1179 2819 1300 2841; x_wconf 79' lang='lat' dir='ltr'>amore</span> <span class='ocrx_word' id='word_1_498' title='bbox 1349 2819 1393 2840; x_wconf 84' lang='lat' dir='ltr'>an</span> <span class='ocrx_word' id='word_1_499' title='bbox 1445 2808 1524 2840; x_wconf 85' lang='lat' dir='ltr'>odio</span> <span class='ocrx_word' id='word_1_500' title='bbox 1574 2807 1702 2849; x_wconf 77' lang='lat' dir='ltr'>dignus</span> <span class='ocrx_word' id='word_1_501' title='bbox 1751 2807 1807 2838; x_wconf 85' lang='lat' dir='ltr'>sit.</span> 
     </span>
     <span class='ocr_line' id='line_1_96' title="bbox 500 2857 1260 2900; baseline -0.008 -8"><span class='ocrx_word' id='word_1_502' title='bbox 500 2862 552 2900; x_wconf 68' lang='lat'>34.</span> <span class='ocrx_word' id='word_1_503' title='bbox 581 2861 677 2891; x_wconf 80' lang='lat' dir='ltr'>Decr.</span> <span class='ocrx_word' id='word_1_504' title='bbox 707 2860 799 2890; x_wconf 82' lang='lat' dir='ltr'>Grat.</span> <span class='ocrx_word' id='word_1_505' title='bbox 828 2860 877 2890; x_wconf 86' lang='lat' dir='ltr'>De</span> <span class='ocrx_word' id='word_1_506' title='bbox 904 2859 1012 2889; x_wconf 77' lang='lat' dir='ltr'>Penit.</span> <span class='ocrx_word' id='word_1_507' title='bbox 1040 2858 1079 2888; x_wconf 92' lang='lat' dir='ltr'>D.</span> <span class='ocrx_word' id='word_1_508' title='bbox 1099 2857 1154 2896; x_wconf 75' lang='lat' dir='ltr'>VI,</span> <span class='ocrx_word' id='word_1_509' title='bbox 1182 2867 1210 2887; x_wconf 84' lang='lat' dir='ltr'>c.</span> <span class='ocrx_word' id='word_1_510' title='bbox 1236 2866 1260 2886; x_wconf 91' lang='lat'>1.</span> 
     </span>
    </p>
   </div>
  </div>
 </body>
</html>
