2067 3298
311 223 399 251 CAP.
419 223 470 250 ΠΙ.
765 225 822 256 DE
850 224 1157 256 BLASPHEMIA.
1860 230 1912 264 47

311 330 429 367 Cristi
462 339 650 378 preparat
683 331 732 366 ad
766 330 936 366 ruinam.
971 329 1196 377 Religiones
1229 329 1363 378 itaque
1397 329 1562 377 private,
1588 339 1624 367 et
1638 337 1799 372 divisions,
1822 347 1913 378 e'very

310 388 571 424 affidaciones
604 388 790 424 indurate
823 400 891 424 sue
924 389 1071 435 regule,
1112 397 1304 435 generant
1337 388 1550 425 divisiones
1586 397 1622 425 et
1668 374 1884 435 mfflssgffing

310 455 437 482 sectas
470 445 756 494 proprietarias
789 445 829 481 in
863 445 1029 482 ecclesia
1062 454 1200 482 sancta
1230 446 1306 482 dei.
1341 447 1396 482 Ex
1419 447 1494 482 hoc
1518 447 1623 482 enim
1705 443 1842 477 welfare3

310 512 483 551 querunt
514 505 649 552 refuge
684 516 760 552 que
783 517 854 540 sua
877 513 981 548 sunt,
1014 505 1075 539 vel
1098 516 1179 539 non
1208 513 1381 551 querunt
1404 505 1480 552 (vel
1503 504 1623 540 nimis

184 566 221 597 F.
275 561 488 606 5remisse)
522 563 628 598 bona
661 561 892 598 communia
926 574 1003 609 que
1032 570 1124 597 sunt
1147 561 1278 597 Cristi.
1313 564 1361 597 Et
1384 570 1493 609 patet
1516 562 1623 598 fideli

309 621 415 667 quod
456 619 620 656 affeccio
660 619 918 667 proprietatis
957 619 998 655 in
1037 619 1201 655 homine
1238 619 1419 655 interiori
1451 632 1620 668 prepon-

309 679 451 713 derans
503 678 607 725 sapit
657 677 897 725 symoniam,
952 677 1210 725 apostasiam,
1265 678 1529 723 blasfemiam,
1587 688 1623 714 et
1650 672 1900 742 Whffggss‘tacssmes

308 735 683 782 dampnabilitatem
732 745 985 783 perpetuam3
1031 744 1068 771 et
1112 747 1182 783 per
1234 747 1482 783 consequens
1532 737 1623 771 sub—
1674 742 1797 778 simony
1816 717 1874 770 ayfid

307 792 529 829 versionem
553 793 692 841 populi
715 793 755 829 in
778 793 947 829 ducibus
970 793 1038 841 qui
1061 794 1266 829 traherent
1289 795 1339 829 ad
1362 794 1621 830 concordiam
1678 776 1869 812 blasphemy.

254 851 405 898 1olegis
445 851 520 886 dei.
568 851 607 888 Si
652 852 817 899 inquam
863 860 970 887 totus
1008 852 1181 899 populus
1220 851 1321 887 foret
1360 851 1477 887 unius
1517 861 1621 888 secte

307 908 508 954 cristiane,
542 918 734 957 tanquam
758 909 817 945 vir
839 921 955 954 unus,
991 918 1027 945 et
1056 918 1140 945 tota
1164 909 1394 945 sollicitudo
1422 909 1621 945 discordie

305 979 418 1002 versa
451 967 553 1003 foret
585 968 635 1003 ad
668 967 844 1003 studium
880 967 1094 1003 concordie
1117 966 1214 1014 legis
1239 967 1315 1013 dei,
1350 967 1438 1014 quis
1463 967 1620 1003 dubitat

306 1024 401 1072 quin
425 1024 592 1060 ecclesia
613 1025 716 1061 foret
739 1025 978 1061 concordior
1007 1034 1043 1060 et
1067 1024 1306 1072 disposicior
1335 1027 1384 1060 ad
1415 1026 1619 1061 amorem?

304 1083 409 1127 Ideo,
448 1094 494 1118 ve
532 1082 607 1119 illis
646 1083 714 1131 qui
753 1082 999 1119 auctorisant
1039 1091 1075 1118 et
1108 1082 1307 1118 seminant
1339 1092 1467 1119 sectas
1500 1084 1615 1119 tales!
1677 1087 1772 1115 Their
1792 1089 1866 1116 laws

252 1142 288 1174 15
305 1141 441 1176 Posset
474 1140 578 1176 enirn
613 1141 784 1188 populus
818 1142 868 1176 ad
898 1150 1056 1188 tempus
1078 1149 1213 1176 tenere
1242 1149 1369 1176 sectas
1395 1150 1618 1177 momenta-
1633 1122 1910 1185 sliqqlednnrpltglffgive

183 1191 259 1222 Act.
303 1210 410 1244 neas,
451 1197 553 1234 sicut
591 1198 683 1234 fecit
716 1199 921 1246 apostolus
955 1207 1029 1234 act.
1066 1202 1130 1243 203
1175 1200 1243 1234 sed
1282 1207 1366 1234 tota
1399 1198 1617 1246 indignitas
1677 1194 1866 1254 pffiffitissfflly

168 1236 273 1277 1¹⁷44
303 1255 483 1292 consistit
527 1256 566 1292 in
611 1256 879 1304 disposicione
923 1256 1191 1292 indissolubili
1235 1256 1403 1292 istorum
1452 1256 1614 1293 rituum.
1685 1260 1754 1288 God
1775 1248 1859 1307 giffe's

303 1315 377 1349 Per
410 1314 484 1349 hoc
519 1314 624 1350 enim
659 1314 869 1363 equiparat
903 1315 1118 1351 blasfemus
1150 1314 1416 1350 tradicionem
1450 1327 1613 1350 suarum
1632 1297 1908 1365 {iffingffigngffflsenngg

302 1371 583 1408 observancias
605 1372 682 1420 legi
705 1372 786 1408 dei:
811 1375 920 1420 quod
944 1373 1040 1408 deus
1064 1385 1145 1408 non
1167 1381 1309 1419 potest.
1337 1374 1428 1408 Ideo
1445 1372 1614 1415 videtur,
1631 1365 1907 1428 Ῑὲὲνξξῃξέξὲνηξξξῖ

246 1443 288 1464 20
303 1430 411 1477 quod
443 1439 549 1466 secte
572 1429 646 1465 iste
669 1431 822 1466 novelle
846 1430 1008 1478 sapiunt
1031 1430 1198 1466 omnino
1223 1430 1489 1475 blasfemiam,
1524 1443 1615 1466 cum
1648 1434 1710 1473 free
1731 1440 1761 1462 to
1782 1436 1897 1474 ChQQS.<³

302 1497 499 1535 repugnat
532 1487 735 1535 sapiencie
767 1488 897 1524 divine
921 1488 1109 1524 ordinare
1134 1489 1205 1523 hos
1229 1488 1494 1535 particulares
1518 1488 1616 1524 ritus
1639 1469 1686 1496 ¹¹¹⁵
1706 1478 1774 1505 way
1794 1472 1825 1496 ⁰¹
1845 1471 1906 1497 mc'

305 1545 529 1594 cuicunque
580 1558 750 1593 persone
795 1547 886 1582 date
937 1556 1040 1582 secte
1091 1555 1286 1593 perpetuo
1330 1547 1615 1582 observandos.

303 1604 394 1639 Ideo
414 1605 509 1639 deus
532 1604 677 1651 legitur
695 1604 850 1640 dedisse
874 1604 1080 1650 maximas,
1105 1613 1233 1640 totum
1258 1616 1381 1651 genus
1406 1603 1615 1640 hominum

303 1660 538 1709 obligantes.
574 1664 621 1697 Et
654 1671 848 1710 quantum
883 1664 932 1698 ad
957 1664 1100 1698 modos
1122 1661 1291 1706 vivendi,
1326 1674 1415 1698 cum
1449 1670 1617 1709 possunt

246 1721 285 1753 25
303 1728 340 1754 et
379 1721 522 1755 debent
559 1722 779 1756 secundum
819 1733 1023 1768 personas,
1065 1729 1201 1765 etates7
1242 1729 1279 1755 et
1314 1720 1412 1756 alias
1445 1720 1616 1755 circum-

302 1776 475 1813 stancias
509 1777 805 1825 quantumlibet
836 1778 996 1823 variari,
1032 1780 1127 1814 deus
1160 1777 1320 1825 reliquit
1348 1777 1463 1814 istam
1489 1778 1616 1813 varia-

303 1834 459 1871 cionem
497 1835 714 1882 prudencie
754 1837 939 1872 humane.
987 1836 1084 1881 Quis
1126 1848 1218 1883 ergo
1264 1845 1396 1883 posset
1441 1845 1616 1871 statuere

303 1894 411 1940 quod
449 1902 578 1929 totum
619 1906 742 1941 genus
782 1895 872 1929 date
916 1902 1020 1930 secte
1060 1894 1176 1930 debet
1213 1893 1268 1929 sic
1306 1893 1460 1929 vivere?
1506 1895 1614 1940 Papa

302 1949 406 1986 enim
439 1964 518 1987 non
550 1960 681 1999 potest
712 1951 818 1987 istud
852 1951 1029 1987 debitum
1064 1960 1259 1996 statuere3
1293 1951 1348 1987 sic
1381 1963 1453 1987 nec
1483 1960 1614 1998 potest

245 2011 286 2043 30
301 2008 566 2055 aptitudinem
602 2009 731 2045 tocius
764 2017 869 2045 secte
902 2010 1033 2045 future
1067 2021 1321 2057 cognoscere.

358 2067 435 2102 Sed
468 2075 608 2103 contra
641 2067 747 2103 istud
780 2067 959 2114 arguitur
998 2079 1068 2115 per
1101 2068 1176 2103 hoc
1214 2068 1323 2115 quod
1360 2079 1521 2102 necesse
1555 2075 1613 2102 est
1631 2069 1809 2104 Obsection:
1832 2071 1898 2098 The

299 2132 425 2160 totam
451 2124 659 2161 ecclesiam
685 2126 831 2161 habere
854 2138 978 2160 unum
1004 2124 1258 2172 capitaneum
1288 2133 1612 2169 conversantem;
1647 2104 1886 2167 Chgrfflieariie-eds

300 2181 411 2218 cuius
450 2183 590 2230 religio
630 2195 709 2219 non
749 2191 885 2229 staret,
930 2183 1005 2219 nisi
1049 2182 1120 2218 sibi
1166 2191 1208 2218 ut
1253 2182 1373 2230 capiti
1419 2182 1612 2218 obediret.
1645 2173 1879 2237 {fftvg'gaffli}

369 2314 393 2342 3.
416 2321 519 2343 sancta
544 2317 626 2343 deest
652 2317 682 2343 B.
739 2326 768 2350 4.
791 2317 894 2352 refuge
915 2325 998 2344 corr.
1016 2325 1053 2345 ex
1073 2317 1210 2351 refugere
1230 2317 1275 2349 A;
1297 2316 1334 2343 ib.
1351 2316 1470 2349 miuus;
1493 2308 1556 2343 rffi‘)
1572 2317 1610 2343 A,

298 2373 321 2400 5.
356 2360 396 2400 bg
421 2365 493 2409 y‘ffio
518 2364 544 2409 ff
564 2376 607 2407 A;
634 2374 672 2400 ih.
700 2382 806 2410 ymmo
830 2382 889 2408 pro
911 2375 1089 2401 communia
1108 2375 1146 2401 A.
1255 2382 1280 2408 7.
1303 2379 1330 2401 et
1352 2374 1543 2401 blasfemiam
1565 2375 1604 2401 A.

299 2408 335 2435 15.
356 2408 386 2435 in
408 2417 506 2444 marg.
528 2413 598 2435 nota
619 2409 650 2435 B.
742 2410 782 2435 16.
804 2416 839 2435 20
860 2409 894 2436 C.
990 2417 1028 2436 21.
1050 2409 1260 2436 observandas
1281 2411 1319 2436 A.
1418 2416 1464 2442 24.
1488 2409 1609 2436 vivendi

298 2443 380 2469 deest
399 2443 458 2470 BC.
531 2451 576 2477 27.
598 2443 690 2478 igitur
711 2443 745 2471 C.
819 2443 856 2470 31.
878 2444 908 2470 in
928 2452 1027 2480 marg.
1050 2444 1186 2471 obieccio
1207 2444 1238 2470 B,

372 2525 421 2556 17.
445 2515 585 2556 Wyclif,
613 2515 646 2545 in
666 2515 719 2547 De
740 2515 929 2556 Apostasia
956 2516 1045 2556 (cap.
1065 2515 1087 2554 I,
1115 2526 1146 2556 p.
1172 2514 1220 2554 15,
1248 2515 1269 2546 l.
1292 2515 1348 2555 33)
1375 2516 1608 2547 understands

296 2561 354 2592 the
380 2561 573 2603 perpetuity
600 2561 640 2591 of
661 2561 766 2602 Papal
793 2560 1035 2592 confirmation
1062 2561 1102 2592 of
1123 2562 1288 2603 religious
1314 2562 1433 2592 orders
1452 2569 1487 2593 to
1508 2572 1609 2593 mean

299 2609 360 2637 “so
386 2607 470 2648 long
496 2617 532 2638 as
561 2607 637 2638 God
665 2606 751 2638 shall
778 2608 881 2638 allow
907 2607 995 2638 their
1014 2607 1225 2646 existence'’;
1251 2607 1366 2638 which
1387 2618 1506 2649 agrees
1524 2608 1609 2639 with

298 2653 456 2684 Clement
481 2652 571 2684 Vll’s
609 2653 777 2684 abolition
815 2653 855 2684 of
888 2653 945 2685 the
978 2654 1172 2695 Templars,
1212 2654 1279 2684 and
1313 2655 1347 2684 in
1379 2654 1464 2685 later
1494 2655 1607 2693 times,

298 2699 457 2730 Clement
473 2699 579 2730 XIV'S
599 2699 807 2730 dissolution
825 2699 863 2730 of
877 2699 934 2730 the
951 2701 1089 2732 Jesuits.
1117 2700 1144 2731 It
1169 2700 1197 2730 is
1224 2700 1363 2731 curious
1388 2700 1462 2731 that
1479 2700 1612 2742 Wyclif

298 2745 383 2776 does
409 2752 470 2776 not
495 2745 609 2776 allude
639 2752 674 2776 to
707 2745 764 2776 the
796 2743 868 2776 first
899 2756 987 2777 case.
1029 2745 1181 2787 Though
1216 2745 1273 2777 the
1300 2746 1483 2787 Templars
1516 2756 1606 2777 were

297 2797 359 2821 not
384 2791 417 2821 in
443 2791 500 2822 the
527 2801 622 2822 same
648 2798 810 2833 category
837 2802 873 2822 as
904 2792 961 2823 the
989 2792 1113 2832 Friars,
1147 2792 1215 2823 still
1249 2791 1307 2823 the
1334 2791 1460 2834 Pope's
1493 2794 1606 2823 action

298 2838 332 2867 in
357 2837 445 2868 their
471 2847 548 2868 case
574 2847 646 2868 was
673 2848 691 2868 a
718 2838 861 2879 striking
886 2839 1082 2879 precedent.
