2067 3298
176 257 265 284 CAP.
289 256 368 283 XIV.
635 258 693 288 DE
721 257 1031 288 BLASPHEMIA.

177 365 330 402 Cristus
363 374 401 401 et
433 363 605 413 apostoli
638 377 719 400 non
754 372 1029 411 cognoverunt
1062 362 1158 399 istas
1180 362 1395 409 versucias,
1430 364 1497 399 sed

177 425 252 460 hoc
284 423 325 459 in
357 432 464 459 secta
497 421 721 470 phariseica
754 420 996 469 reprobavit,
1044 429 1082 457 et
1122 429 1259 457 tamen
1291 430 1399 457 secta
1433 420 1501 457 illa

177 481 251 517 fuit
301 481 542 529 antiquitate
589 488 625 516 et
670 491 935 527 personarum
980 478 1193 515 sanctitate
1238 478 1500 527 solempnior,

57 560 132 590 Act.
178 552 269 575 cum
303 539 509 587 apostolus
542 538 627 584 fuit,
662 547 704 574 ut
737 537 884 574 dicitur
915 538 1003 573 Act.
1040 537 1106 583 23,
1139 537 1361 585 phariseus.

38 606 155 645 XXIII,
236 599 284 632 Et
337 598 480 633 eodem
534 597 654 632 modo
709 595 855 631 dicitur
905 596 952 631 de
1001 595 1228 631 maioritate
1279 594 1411 630 meriti
1462 595 1502 630 in

86 651 106 683 6
178 667 403 703 progressu
429 657 531 690 Nam
555 654 802 703 quicumque
833 653 1017 689 habuerit
1047 652 1252 701 puriorem
1278 653 1502 700 caritatem,

177 715 286 762 quod
333 712 545 749 comunius
591 712 721 749 evenit
761 711 802 748 in
834 724 915 748 non
948 710 1175 759 illaqueatis
1210 711 1365 759 ritibus,
1412 712 1502 759 plus

179 780 368 807 meretur.
392 773 474 807 Nec
499 772 615 807 docet
638 771 881 806 Anzhelmus
903 770 965 806 vel
988 769 1088 806 alius
1111 771 1220 818 quod
1243 769 1283 805 in
1307 779 1500 818 quantum

178 829 265 878 quis
319 837 376 865 est
429 830 476 865 de
529 828 600 865 tali
652 828 807 877 privato
856 828 997 864 ordine
1044 829 1133 876 plus
1182 828 1415 864 accenditur
1462 827 1503 864 in

125 907 163 928 10
179 888 366 934 caritate3
407 897 444 923 et
484 887 599 923 aliter
638 887 803 923 indubie
846 895 904 923 est
948 886 1194 922 fratrifaccio
1238 886 1502 934 impertinens

179 945 399 982 maioritati
452 945 597 981 meriti.
653 946 771 990 Quod
815 945 847 981 si
892 945 1089 992 allegatur
1134 944 1348 993 singularis
1392 944 1502 993 peni-

178 1004 320 1051 tencia,
362 1003 514 1041 dicitur
547 1004 655 1051 quod
689 1003 929 1051 ampliorem
964 1004 1083 1039 habet
1116 1012 1224 1039 secta
1256 1002 1502 1039 Machometi

179 1062 219 1098 in
252 1062 423 1110 pocione
457 1074 573 1110 aque.
609 1063 702 1097 Ideo
735 1061 898 1098 libertas
932 1061 1135 1109 religionis
1168 1061 1287 1097 Cristi
1313 1070 1370 1097 est
1395 1063 1503 1110 quod

178 1133 251 1157 nec
284 1120 382 1156 cibis
414 1132 487 1156 nec
519 1120 679 1167 potibus
712 1132 785 1156 nec
809 1119 1139 1155 indumentorum
1164 1119 1336 1156 cultibus
1361 1119 1503 1156 astrin—

125 1178 296 1226 15gitur.
343 1181 391 1214 Et
437 1179 545 1226 quod
590 1177 647 1213 illi
693 1190 736 1213 ex
782 1177 924 1214 maiori
970 1177 1137 1214 caritate
1181 1179 1278 1214 dant
1311 1179 1386 1214 deo
1420 1186 1502 1214 tam

178 1237 353 1273 fructum
399 1249 520 1285 quam
567 1237 769 1282 arborem⁷
816 1237 884 1272 sed
917 1237 1117 1272 seculares
1150 1237 1279 1272 solum
1314 1236 1501 1283 fructum,

100 1306 138 1337 F,
177 1304 288 1343 patet
321 1296 430 1343 quod
463 1303 520 1331 est
552 1294 792 1330 incollorata
826 1294 998 1330 fallacia.
1032 1296 1134 1331 Nam
1168 1294 1197 1330 si
1229 1307 1300 1342 per
1322 1295 1503 1330 arborem

178 1353 425 1401 intelligatur
449 1352 706 1389 “substancia
729 1352 930 1389 hominis''
947 1353 1008 1389 vel
1023 1352 1231 1389 “essencia
1244 1351 1504 1398 voluntatis'’‚

179 1420 217 1448 et
250 1424 321 1459 per
342 1412 541 1460 fructum,
575 1413 727 1459 “opera
758 1411 979 1457 virtuosa''‚
1015 1410 1275 1447 manifestum
1309 1419 1367 1447 est
1396 1412 1504 1459 quod

123 1491 165 1512 20
181 1469 428 1518 quicumque
474 1469 629 1505 dederit
674 1471 747 1506 deo
792 1469 968 1505 fructum
1013 1470 1134 1506 talem
1183 1471 1250 1506 dat
1295 1471 1502 1515 arborem3

181 1541 272 1564 cum
319 1527 382 1564 dei
429 1527 480 1563 sit
523 1527 655 1564 omnis
701 1536 836 1564 creata
882 1527 1062 1564 essencia
1104 1528 1167 1564 vel
1210 1537 1368 1564 natura.
1410 1529 1502 1563 Ideo

181 1587 324 1622 stultus
363 1586 464 1622 foret
506 1585 574 1634 qui
607 1598 688 1622 non
721 1598 765 1622 ex
797 1594 882 1622 toto
917 1587 1038 1622 corde
1071 1586 1267 1634 obligaret
1299 1598 1338 1622 se
1372 1595 1501 1622 totum

182 1645 271 1681 deo.
318 1645 434 1681 Unde
465 1645 527 1681 vel
561 1644 715 1681 Cristus
749 1652 786 1680 et
819 1644 992 1692 apostoli
1026 1643 1110 1680 eius
1143 1653 1235 1693 post
1268 1644 1501 1681 missionem

182 1702 346 1751 spiritus
384 1702 513 1739 sancti
552 1715 632 1739 non
666 1703 863 1739 dederunt
897 1704 971 1739 deo
1004 1704 1191 1739 arborem
1226 1715 1317 1739 cum
1350 1703 1502 1748 fructu3

126 1773 165 1805 25
181 1761 243 1798 vel
295 1760 491 1808 contingit
544 1762 652 1809 quod
704 1761 903 1797 seculares
956 1762 1051 1797 dent
1103 1762 1178 1798 deo
1224 1761 1505 1798 claustralibus

182 1819 405 1868 perfeccius
438 1827 521 1855 tarn
555 1819 729 1855 fructum
764 1832 886 1867 quarn
921 1821 1121 1857 arborem.
1165 1819 1350 1867 Apostoli
1384 1819 1505 1866 enim,

184 1877 251 1926 qui
277 1877 528 1925 proficiendo
559 1886 855 1925 processerunt,
889 1878 1104 1914 noluerunt
1137 1879 1284 1914 habere
1316 1879 1505 1915 abbatem

183 1935 360 1984 aliquem
413 1944 548 1983 preter
600 1935 790 1980 Cristum‚
846 1944 882 1971 et
934 1945 1024 1984 post
1076 1936 1165 1972 illos
1214 1936 1329 1972 multi
1377 1936 1506 1973 sancti

185 1993 370 2030 martires
403 1994 636 2030 obtulerunt
668 2007 708 2030 se
741 1995 816 2029 deo
841 1994 1063 2042 perfeccius
1087 1994 1170 2031 sine
1195 1994 1364 2031 ficcione
1387 1995 1505 2030 huius

129 2051 446 2098 goinfundabilis
479 2052 736 2089 sacramenti.
771 2053 863 2088 Ideo
897 2052 1054 2088 videtur
1087 2052 1223 2089 multis
1256 2052 1505 2089 infundabile

185 2119 484 2147 sacramentum
509 2112 632 2158 quod,
657 2123 701 2147 ex
725 2122 771 2146 eo
796 2110 882 2157 ipso
906 2124 986 2159 quo
1010 2110 1099 2159 quis
1123 2111 1246 2147 intrat
1269 2111 1505 2158 religionem

186 2168 384 2217 privatam
419 2177 477 2205 est
510 2178 773 2217 peccatorum
809 2181 971 2204 suorum
1008 2170 1127 2217 plena
1161 2169 1358 2206 remissio.

243 2228 293 2263 Et
324 2228 374 2263 ad
406 2236 564 2264 tantum
588 2236 780 2264 cecantur
803 2226 1020 2275 simplices,
1045 2229 1154 2276 quod
1177 2229 1325 2264 habent
1347 2227 1507 2264 habitus

186 2287 458 2333 quorumdam
486 2286 671 2334 fratrum,
707 2297 807 2333 quos
830 2298 957 2334 prope
992 2295 1161 2322 mortem
1195 2286 1388 2333 induunt3
1413 2286 1507 2334 quia

257 2430 277 2448 1.
298 2419 421 2448 vsuciass
441 2421 480 2448 A.
595 2429 621 2448 2.
650 2421 813 2457 phariseca
833 2422 878 2455 A3
911 2424 949 2448 ib,
978 2430 1048 2449 cum
1073 2430 1131 2456 pro
1157 2425 1259 2449 tamen
1287 2430 1391 2450 omnes
1415 2421 1507 2450 MSS.

185 2464 215 2490 4.
231 2464 268 2484 20
278 2456 346 2484 AC.
418 2455 443 2483 5.
465 2456 532 2484 miti
547 2456 586 2483 A.
660 2457 688 2484 6.
703 2464 886 2492 quecunque
900 2456 934 2484 C.
1010 2465 1039 2492 9.
1054 2456 1224 2484 intenditur
1238 2458 1276 2485 A.
1351 2466 1392 2485 1o.
1407 2458 1509 2485 fratri-

186 2514 278 2541 factio
298 2514 365 2541 AB.
452 2522 487 2542 11.
509 2514 657 2541 secularis
678 2515 716 2542 A.
826 2523 869 2550 14,
892 2514 930 2542 15.
951 2512 1093 2551 astn’gfitz
1113 2515 1147 2543 C.
1247 2524 1287 2543 21.
1310 2521 1449 2543 creatura
1468 2517 1508 2544 A.

186 2547 229 2576 23.
243 2553 314 2584 post
325 2549 410 2576 deest
422 2549 486 2577 AB.
544 2557 592 2583 24.
608 2550 653 2576 vel
669 2550 804 2577 fructum
821 2550 856 2577 C.
913 2549 957 2577 25.
971 2550 1061 2577 debet
1073 2550 1108 2578 C.
1166 2550 1211 2578 30.
1227 2550 1297 2578 Non
1312 2559 1373 2586 pro
1388 2551 1457 2578 ideo
1473 2551 1507 2578 C.

258 2621 311 2661 34.
329 2621 495 2653 Mortem.
510 2621 596 2653 This
611 2623 759 2663 practice
776 2623 803 2652 is
819 2621 985 2653 followed
1002 2622 1046 2665 by
1062 2623 1236 2655 members
1255 2623 1294 2654 of
1308 2623 1365 2655 the
1381 2623 1507 2655 Third-

188 2667 311 2707 Order,
330 2668 397 2698 and
413 2669 462 2708 (at
474 2668 561 2699 least
580 2678 616 2699 as
632 2679 708 2700 now
729 2669 888 2710 existing)
908 2679 1022 2700 seems
1040 2669 1154 2700 rather
1166 2676 1202 2701 to
1218 2680 1357 2711 express
1372 2681 1391 2701 a
1405 2671 1507 2711 pious

187 2713 281 2755 hope
305 2713 389 2744 than
414 2713 472 2745 the
499 2713 676 2745 confident
700 2714 808 2746 belief
828 2715 901 2745 that
919 2715 1052 2757 Wyclif
1068 2716 1171 2758 justly
1190 2727 1366 2758 reproves.
1393 2716 1508 2748 There

188 2770 244 2790 are
270 2760 452 2791 traditions
478 2761 511 2791 in
539 2768 633 2792 most
651 2761 782 2792 Orders
802 2761 966 2803 (perhaps
986 2763 1019 2793 in
1038 2762 1096 2803 all)
1124 2762 1196 2793 that
1222 2773 1288 2805 any
1308 2773 1374 2794 one
1402 2764 1508 2805 dying

187 2813 351 2848 amongst
374 2806 470 2838 them
495 2807 566 2838 will
592 2807 635 2838 be
661 2808 785 2847 saved;
819 2807 880 2838 but
910 2808 968 2839 the
1000 2808 1067 2840 fact
1091 2808 1165 2840 that
1195 2809 1253 2840 the
1281 2809 1420 2840 Church
1445 2809 1508 2841 has

187 2862 294 2883 never
318 2853 390 2884 lent
423 2853 466 2884 its
499 2853 673 2897 authority
710 2860 746 2885 to
785 2854 871 2885 such
908 2855 1102 2895 traditions‚
1141 2856 1312 2898 probably
1344 2857 1445 2887 tends
1471 2863 1507 2888 to

188 2905 389 2930 counteract
413 2899 559 2942 feelings
585 2900 626 2931 of
647 2901 900 2942 presumption.

1334 2971 1375 3003 14

1713 258 1791 294 209

1522 601 1590 628 The
1611 609 1696 628 same
1717 609 1785 637 may

1532 636 1567 663 be
1588 636 1653 663 said
1676 637 1710 663 of
1727 636 1777 663 life

1547 676 1636 706 spent
1655 671 1685 698 in
1707 672 1757 698 the

1604 706 1711 740 order;

1571 741 1738 776 pei-fection

1553 775 1693 811 depends
1713 784 1751 802 on

1547 812 1615 838 love
1636 811 1670 838 of
1688 810 1770 845 God⁷

1579 846 1682 873 which
1703 845 1729 873 is

1547 881 1707 916 quenched
1729 881 1767 916 by

1559 916 1757 951 superfluous

1547 951 1764 978 observances.

1604 987 1649 1013 As
1670 990 1700 1012 to

1547 1028 1761 1094 Μξιῗὲιᾞᾌειῗιῆε

1564 1091 1656 1118 drmk
1674 1091 1747 1126 only

1604 1130 1709 1153 water.

1547 1184 1615 1212 The
1636 1192 1690 1220 say
1708 1185 1773 1211 that

1553 1220 1602 1247 the
1664 1220 1711 1247 ive
1731 1224 1761 1246 to

1544 1254 1591 1281 Go
1635 1259 1686 1281 tie
1706 1259 1769 1281 tree

1531 1290 1604 1316 with
1626 1290 1676 1316 the
1696 1289 1780 1323 fruit,

1529 1324 1632 1352 Whilst
1654 1325 1788 1351 seculars

1544 1360 1616 1395 only
1636 1359 1705 1395 give
1725 1359 1776 1386 the

1528 1394 1619 1428 fruit;
1640 1394 1742 1421 which
1762 1394 1788 1421 is

1548 1430 1634 1464 false,
1655 1430 1704 1457 for
1723 1429 1773 1456 the

1527 1464 1588 1492 will
1609 1465 1635 1492 is
1656 1465 1707 1492 the
1727 1468 1790 1491 tree

1519 1499 1578 1526 and
1599 1499 1680 1538 good
1701 1499 1795 1526 deeds

1527 1535 1577 1561 the
1597 1534 1689 1568 truit;
1712 1534 1786 1561 both

1582 1574 1666 1597 must
1684 1577 1722 1605 go

1582 1605 1731 1640 together.

1545 2242 1639 2271 Some
1661 2242 1771 2278 simple

1529 2278 1638 2312 people
1658 2277 1735 2316 hav—e
1755 2277 1793 2325 by

1529 2313 1623 2382 ffssffl,
1636 2312 1791 2383 ἷέῐὲἒῑῖιὲ
