2067 3298
180 219 225 253 16
895 222 1118 254 JOHANNIS
1145 221 1329 253 WYCLIF
1639 218 1727 246 CAP.
1749 218 1770 245 ι.

464 328 628 377 propria
652 340 714 364 me
738 329 785 364 de
818 327 953 376 aliquo
987 328 1230 364 monasterio
1263 340 1343 364 non
1375 339 1622 364 recessurum
1647 327 1773 363 iuras-

463 399 559 432 sem,
583 385 760 423 viderem
785 394 917 422 autem
942 387 1050 434 quod
1072 385 1126 421 ibi
1157 385 1333 422 animam
1365 398 1494 422 meam
1520 386 1671 422 salvare
1693 397 1774 421 non

464 457 636 493 possem,
669 443 803 480 statim
837 443 996 489 exirem,
1026 455 1099 480 nec
1122 443 1286 491 periurii
1310 444 1462 480 crimen
1485 443 1771 480 incurrerem.''

219 523 287 551 The
307 522 406 549 fictive
522 504 643 550 Papa,
667 501 847 550 inquam,
872 501 939 550 qui
963 501 1077 549 fingit
1101 501 1174 537 sibi
1197 510 1350 538 tantam
1367 511 1606 550 potestatem
1631 501 1772 547 inesse,

177 556 450 628 pgglevessyogffssh
465 561 614 597 laxaret
636 560 765 608 ipsam
790 559 830 595 in
851 559 927 596 isto
949 560 1000 595 ad
1023 558 1325 596 edificacionem
1349 559 1525 596 ecclesie.
1551 559 1645 607 Legi
1668 558 1807 595 enim5

196 625 434 696 liilpgelmsnzssndds
467 631 509 654 ex
549 619 723 667 quadam
767 617 874 653 bulla
918 629 1020 665 pape
1065 617 1282 653 Clementis
1323 619 1528 666 quomodo
1573 616 1777 654 mandavit
1816 620 1873 652 32⁰

177 698 327 732 regulates
348 695 451 729 things
467 676 616 724 angelis
649 674 826 723 paradisi
860 676 969 722 quod
1002 674 1179 711 animam
1213 675 1269 711 sic
1302 675 1522 712 decidentis
1561 675 1601 712 in
1633 687 1777 723 purga-

194 731 428 793 xxpgrltdoexiigffiid
466 734 570 771 torio
616 733 841 770 absolutam
886 734 937 769 ad
980 732 1124 781 gaudia
1168 742 1363 781 perpetua
1394 730 1677 771 'introducant.
1729 735 1778 768 Et

207 802 241 828 be
262 786 308 827 fa}
329 799 426 837 better
468 792 603 829 statim
636 799 745 840 post:
780 791 1008 827 “voluimus
1042 803 1085 827 ex
1119 803 1315 827 consensu
1346 792 1515 828 fratrum
1549 800 1776 828 nostrorum

202 834 430 904 ἓὲῗςὲιιῗῑγηέἀῑῖῗε
469 849 750 894 cardinalium,
793 850 900 897 quod
933 848 964 884 si
997 848 1133 897 aliqua
1165 862 1339 897 persona
1373 850 1530 886 rediens
1570 851 1617 885 de
1649 849 1773 885 indul-
1799 863 1837 884 10

207 904 423 967 Slclgffi‘ffigflff
469 908 609 956 gencia
640 907 835 956 predicta,
869 906 1084 955 instigante
1118 906 1291 955 diabolo,
1324 917 1490 956 peccato
1521 902 1777 958 consenciat!
1818 911 1862 941 M.

186 974 315 1019 nothing
335 972 456 1008 against
473 975 509 1003 et
553 966 593 1002 in
638 978 683 1002 eo
736 974 902 1013 peccato
946 974 1225 1013 perseverante
1276 965 1482 1014 contingat
1538 978 1627 1003 eum
1679 964 1781 1000 mori

223 1009 322 1036 Gods
343 1008 410 1034 law.
471 1024 631 1061 racione
664 1032 923 1071 peccatorum
957 1036 1033 1072 que
1066 1032 1183 1060 antea
1215 1023 1429 1060 comiserat
1462 1032 1499 1060 et
1531 1023 1605 1060 sibi
1638 1023 1782 1060 virtute

472 1081 581 1119 anuli
614 1081 761 1118 fuerint
793 1081 977 1118 absoluta
1017 1090 1053 1118 et
1091 1081 1261 1129 indulta,
1306 1082 1492 1118 nolumus
1533 1083 1641 1131 quod
1680 1093 1783 1129 pena

473 1139 617 1176 inferni
640 1139 714 1176 sibi
737 1139 991 1188 aliquatenus
1014 1139 1220 1185 inferatur,
1241 1139 1317 1176 nisi
1341 1140 1501 1177 racione
1523 1148 1783 1188 peccatorum
1805 1142 1840 1175 15

473 1211 550 1247 que
588 1206 679 1246 post
717 1199 933 1234 adventum
972 1197 1119 1234 fuerint
1152 1199 1425 1246 perpetrata'⁷.
1472 1201 1561 1245 Iste,
1601 1198 1782 1246 inquam,

474 1269 593 1304 papa,
639 1255 707 1304 qui
753 1264 835 1292 tam
880 1255 1142 1303 imperatorie
1185 1258 1352 1292 mandat
1396 1257 1548 1305 angelis
1595 1265 1632 1292 et
1676 1264 1786 1292 tante

474 1314 631 1351 videtur
664 1312 900 1361 dispensare
932 1322 1073 1350 contra
1096 1313 1305 1350 veritatem
1339 1314 1437 1362 legis
1470 1314 1616 1360 divine,
1651 1321 1787 1362 posset

475 1371 644 1409 faciliter
678 1372 871 1408 mandare
903 1371 1067 1419 prelatis
1100 1373 1208 1420 quod
1247 1385 1328 1408 non
1360 1372 1539 1420 obligent
1571 1385 1661 1408 suos
1696 1372 1787 1407 sub-

477 1431 581 1466 ditos
611 1429 769 1466 dissone
792 1429 869 1477 legi
893 1429 969 1475 dei,
996 1429 1227 1477 specialiter
1261 1443 1351 1466 cum
1386 1430 1507 1467 hodie
1541 1431 1715 1466 mundus
1748 1428 1788 1464 in
1804 1444 1846 1465 20

476 1489 584 1536 ipsos
616 1496 775 1523 tantum
808 1487 987 1533 invaluit,
1023 1489 1131 1535 quod
1164 1487 1414 1536 impossibile
1438 1488 1518 1525 sive
1546 1487 1707 1524 difficile
1731 1495 1788 1523 est

478 1546 588 1594 ipsos
622 1557 779 1582 servare
812 1554 1093 1593 paupertatem
1126 1547 1187 1582 vel
1218 1546 1497 1583 obedienciam
1532 1548 1606 1583 deo
1639 1558 1725 1583 suo.

251 1620 400 1648 11.False
537 1605 742 1649 Quantum
777 1604 828 1640 ad
861 1603 1112 1639 blasfemiam
1147 1612 1287 1641 contra
1318 1606 1497 1650 verbum,
1539 1612 1650 1652 patet
1683 1603 1790 1651 quod

202 1654 458 1723 Ψζῇζοίζζβζζίὃ
480 1674 585 1710 papa
631 1661 726 1697 dicit
771 1674 810 1698 se
850 1661 971 1698 tacite
1010 1662 1156 1698 habere
1195 1662 1441 1710 sapienciam
1487 1675 1609 1711 supra
1653 1672 1791 1698 omnes

189 1723 465 1787 pgixsvggnsoxffisshcifi
481 1719 579 1756 alios
615 1719 804 1755 mortales
829 1720 879 1755 ad
903 1719 1113 1756 ecclesiam
1138 1721 1417 1768 regulandum.
1453 1723 1558 1757 Deus
1583 1719 1688 1756 enim
1712 1731 1794 1755 non
1809 1723 1848 1755 25

333 1781 338 1793 ‚

207 1795 243 1822 110
264 1798 346 1822 must
366 1794 443 1820 have
482 1777 699 1814 committit
715 1777 789 1813 sibi
806 1790 942 1813 curam
968 1777 1133 1814 ecclesie
1156 1790 1238 1825 sue,
1262 1778 1338 1814 nisi
1362 1778 1545 1815 infundat
1567 1777 1640 1815 sibi
1665 1778 1794 1814 claves

208 1835 238 1856 to
280 1828 444 1896 ffierrcfflihe
482 1835 653 1872 sciencie
687 1836 737 1871 ad
770 1834 950 1871 officium
984 1835 1092 1872 istud
1124 1835 1361 1873 necessarie.
1403 1839 1451 1873 Et
1483 1837 1585 1873 sicut
1618 1844 1795 1885 potestas

193 1897 467 1961 thiiiehgsogiicirsns
481 1894 663 1942 predicta
696 1894 794 1929 false
827 1893 1001 1940 fingitur,
1035 1893 1091 1929 sic
1124 1903 1161 1930 et
1198 1894 1274 1931 ista
1312 1894 1499 1940 sciencia,
1535 1904 1577 1931 ut
1609 1903 1720 1943 patet
1753 1905 1796 1929 ex

201 1969 319 1995 neither
347 1966 465 1994 iimself
483 1951 719 2000 duplicitate
763 1950 990 1999 regimini83
1042 1964 1114 1988 nec
1158 1951 1290 2000 ipsum
1337 1953 1437 2001 regit
1481 1965 1555 1989 nec
1599 1952 1794 2001 populum

203 2002 455 2074 ffi'g'thA-Shffisslgle
483 2011 703 2046 secundum
744 2010 901 2058 regulas
941 2009 1039 2057 legis
1073 2009 1207 2048 Cristi.
1253 2013 1326 2047 Per
1364 2012 1439 2048 hoc
1478 2010 1596 2057 enim,
1643 2018 1679 2047 et
1718 2021 1799 2045 non
1814 2015 1855 2047 30

290 2073 376 2099 laws.

555 2141 574 2159 1.
596 2140 656 2159 non
679 2132 763 2159 deest
781 2133 819 2159 A.
903 2132 927 2159 5.
949 2133 1063 2160 laxaret
1084 2141 1164 2168 papa
1185 2133 1346 2160 relioiosos
1367 2133 1403 2160 ad
1425 2134 1549 2160 ecclesie
1570 2132 1799 2160 edificacionem

484 2175 515 2194 m
536 2175 636 2194 marff.
660 2167 717 2202 inf.
740 2167 774 2194 C.
860 2167 887 2193 6.
909 2175 969 2202 qua
988 2168 1027 2194 A.
1119 2170 1146 2199 o',
1168 2176 1194 2202 7.
1217 2154 1359 2195 Clemens
1385 2169 1500 2203 angelis
1528 2167 1685 2195 mandavit
1711 2167 1749 2194 ha
1769 2167 1799 2192 in

484 2210 587 2237 marg.
604 2187 638 2229 C.
712 2210 738 2236 7.
754 2201 930 2228 decedentis
945 2202 990 2235 A;
1011 2210 1094 2229 corr.
1111 2202 1178 2233 DE:
1201 2203 1369 2230 decidentis
1384 2203 1408 2230 D
1426 2211 1519 2237 [corr.
1538 2211 1576 2230 ex
1596 2202 1800 2233 decedentis);

486 2236 659 2263 decedentis
674 2244 757 2263 corr.
773 2244 811 2263 ex
825 2236 994 2263 decidentis
1009 2237 1042 2263 E.
1116 2246 1142 2271 7,
1158 2237 1184 2264 8.
1202 2238 1377 2273 purgatorie
1392 2239 1430 2265 A.
1498 2238 1524 2265 8.
1540 2238 1570 2265 in
1586 2245 1686 2273 marg.
1698 2247 1708 2264 .·
1721 2236 1802 2263 Nota

486 2271 679 2298 blasfemiam
695 2271 856 2298 cuiusdam
879 2271 958 2298 bulle
980 2271 1098 2305 papalis
1114 2272 1152 2305 133
1173 2272 1211 2298 ih.
1231 2272 1400 2306 perducant
1415 2273 1448 2299 B.
1521 2281 1561 2300 10.
1578 2273 1720 2300 reddi·:ns
1735 2271 1801 2298 AC.

486 2314 520 2332 Η.
538 2306 670 2341 dyabolo
687 2305 776 2342 CDE.
840 2304 876 2332 13.
894 2310 962 2332 ante
977 2314 1010 2332 ea
1024 2306 1152 2339 ACDE;
1174 2307 1211 2333 ib.
1233 2307 1432 2334 commiserat
1447 2307 1480 2335 C.
1543 2316 1583 2340 14.
1600 2308 1743 2334 volumus
1757 2307 1803 2339 A3

487 2341 632 2367 nolumus
653 2340 742 2367 CDE.
810 2339 845 2366 15.
868 2340 1022 2375 aliquatus
1041 2341 1086 2373 A;
1108 2341 1301 2375 aliquatenus
1322 2341 1383 2368 DE.
1447 2350 1485 2374 17.
1501 2347 1658 2377 cautepro
1673 2346 1753 2368 tante
1768 2340 1802 2367 C.

488 2383 529 2409 ¹9·
551 2375 665 2410 oligent
685 2375 721 2401 D.
778 2381 824 2412 2-0.
846 2374 1023 2402 dimissorie
1043 2376 1081 2402 A.
1138 2383 1176 2402 21.
1198 2380 1316 2403 tantum
1333 2377 1362 2403 in
1378 2384 1430 2403 eos
1451 2377 1491 2411 C;
1513 2377 1550 2403 ib.
1565 2376 1747 2415 inpossibile
1763 2375 1803 2407 C;

487 2409 622 2436 mundns
642 2409 770 2436 invaluit
790 2417 820 2435 in
844 2410 994 2444 religiosis
1010 2410 1039 2436 in
1055 2418 1157 2446 marg.
1176 2419 1210 2437 su
1236 2431 1241 2436 .
1264 2410 1297 2438 C.
1354 2409 1395 2437 23.
1419 2411 1578 2439 blasfemia
1599 2420 1628 2438 ln
1650 2411 1805 2446 sapiencia

487 2445 517 2470 in
533 2452 633 2480 marg.
656 2443 689 2471 C.
764 2451 810 2477 24.
833 2444 993 2471 manifeste
1008 2452 1071 2479 pro
1092 2446 1181 2472 tacite
1236 2455 1242 2479 ;
1271 2446 1433 2472 manifeste
1454 2446 1565 2473 habere
1585 2447 1676 2473 tacite
1697 2445 1805 2480 (mani-

1762 2494 1788 2510 vt

487 2513 562 2539 feste
583 2512 612 2539 in
634 2520 734 2548 marg.
757 2513 842 2545 add.)
865 2512 927 2539 DE.
1008 2520 1054 2540 20.
1076 2521 1137 2540 non
1158 2514 1243 2541 deest
1263 2514 1323 2541 (ΣΕ.
1407 2522 1445 2542 21.
1467 2520 1499 2542 ut
1514 2523 1576 2550 pro
1597 2515 1655 2543 nisi
1677 2516 1718 2549 E;
1747 2515 1805 2543 nisi

490 2549 531 2585 (vt
551 2548 615 2585 aliq
637 2555 727 2574 manu
749 2550 843 2581 corr.)
865 2548 899 2575 C.
1008 2547 1051 2575 23.
1073 2553 1101 2575 et
1120 2549 1206 2575 deest
1224 2549 1264 2579 C;
1293 2550 1330 2575 ib.
1354 2550 1508 2577 sentencia
1524 2559 1587 2585 pro
1608 2551 1741 2578 sciencia
1764 2551 1805 2584 D;

490 2589 619 2608 sciencia
641 2589 723 2609 corr.
744 2590 781 2609 ex
802 2582 956 2609 sentencia
976 2582 1010 2609 E.
1083 2582 1130 2610 30.
1151 2583 1221 2610 Jesu
1243 2583 1336 2611 Cristi
1358 2584 1391 2611 C.

566 2652 615 2684 16.
643 2653 728 2684 This
756 2663 834 2695 may
859 2653 948 2685 have
974 2654 1063 2685 been
1089 2664 1107 2685 a
1134 2656 1296 2696 spurious
1315 2656 1403 2688 Bull.
1430 2656 1506 2688 The
1526 2658 1679 2688 doctrine
1698 2657 1737 2688 of
1750 2657 1807 2689 the

491 2699 628 2730 Roman
650 2699 806 2730 Catholic
826 2699 964 2731 Church
987 2701 1013 2731 is
1040 2700 1113 2731 that
1139 2701 1196 2732 the
1217 2703 1343 2733 eternal
1363 2704 1501 2745 penalty
1520 2703 1559 2734 of
1573 2704 1644 2735 sins
1662 2703 1735 2734 that
1751 2714 1807 2735 are

492 2745 660 2776 absolved
690 2747 716 2776 is
743 2745 794 2776 for
819 2756 899 2777 ever
918 2746 1049 2778 blotted
1069 2754 1145 2787 out;
1173 2758 1212 2779 so
1231 2748 1304 2779 that
1323 2759 1341 2780 a
1359 2759 1439 2780 man
1457 2751 1565 2791 going
1584 2757 1618 2781 to
1638 2750 1705 2781 hell
1725 2750 1810 2782 after

492 2791 613 2833 falling
640 2792 711 2822 into
738 2802 804 2822 one
833 2793 955 2823 mortal
983 2794 1035 2823 sin
1062 2794 1156 2824 since
1174 2793 1228 2825 his
1247 2795 1456 2835 confession,
1483 2796 1586 2827 could
1605 2797 1686 2832 only
1705 2796 1810 2828 suffer

494 2838 547 2869 for
572 2838 645 2869 that
671 2839 734 2869 sin.
761 2837 838 2869 The
864 2839 935 2869 will
961 2839 1001 2870 of
1023 2839 1081 2871 the
1108 2840 1204 2882 Pope
1229 2840 1292 2872 has
1319 2841 1466 2884 nothing
1491 2848 1526 2873 to
1553 2843 1597 2874 do
1623 2834 1705 2874 wi‘th
1731 2842 1809 2874 this.
