<?xml version="1.0" encoding="UTF-8"?>
<!DOCTYPE html PUBLIC "-//W3C//DTD XHTML 1.0 Transitional//EN"
    "http://www.w3.org/TR/xhtml1/DTD/xhtml1-transitional.dtd">
<html xmlns="http://www.w3.org/1999/xhtml" xml:lang="en" lang="en">
 <head>
  <title>
</title>
<meta http-equiv="Content-Type" content="text/html;charset=utf-8" />
  <meta name='ocr-system' content='tesseract 3.04.00' />
  <meta name='ocr-capabilities' content='ocr_page ocr_carea ocr_par ocr_line ocrx_word'/>
</head>
<body>
  <div class='ocr_page' id='page_1' title='image "./tractatusdeblasp00wycl_0052.png"; bbox 0 0 2067 3298; ppageno 0'>
   <div class='ocr_carea' id='block_1_1' title="bbox 177 234 1773 269">
    <p class='ocr_par' dir='ltr' id='par_1_1' title="bbox 177 234 1773 269">
     <span class='ocr_line' id='line_1_1' title="bbox 177 234 1773 269; baseline -0.009 6"><span class='ocrx_word' id='word_1_1' title='bbox 177 234 199 268; x_wconf 82' lang='grc'>8</span> <span class='ocrx_word' id='word_1_2' title='bbox 895 237 1117 269; x_wconf 79' lang='lat' dir='ltr'>JOHANNIS</span> <span class='ocrx_word' id='word_1_3' title='bbox 1144 237 1328 268; x_wconf 68' lang='lat' dir='ltr'>vvvcmr</span> <span class='ocrx_word' id='word_1_4' title='bbox 1638 234 1730 263; x_wconf 78' lang='lat' dir='ltr'><strong>CAP.</strong></span> <span class='ocrx_word' id='word_1_5' title='bbox 1752 235 1773 262; x_wconf 91' lang='lat'>1.</span> 
     </span>
    </p>
   </div>
   <div class='ocr_carea' id='block_1_2' title="bbox 175 343 1775 458">
    <p class='ocr_par' dir='ltr' id='par_1_2' title="bbox 175 343 1775 458">
     <span class='ocr_line' id='line_1_2' title="bbox 175 343 1775 393; baseline -0.001 -13"><span class='ocrx_word' id='word_1_6' title='bbox 175 353 382 391; x_wconf 65' lang='lat' dir='ltr'>obedienceto</span> <span class='ocrx_word' id='word_1_7' title='bbox 398 352 448 379; x_wconf 81' lang='lat' dir='ltr'>the</span> <span class='ocrx_word' id='word_1_8' title='bbox 464 344 691 393; x_wconf 84' lang='lat' dir='ltr'>abiciatque</span> <span class='ocrx_word' id='word_1_9' title='bbox 735 344 852 380; x_wconf 91' lang='lat' dir='ltr'>istam</span> <span class='ocrx_word' id='word_1_10' title='bbox 898 343 1145 380; x_wconf 81' lang='lat' dir='ltr'>blasfemiam</span> <span class='ocrx_word' id='word_1_11' title='bbox 1191 344 1300 392; x_wconf 88' lang='lat' dir='ltr'>quod</span> <span class='ocrx_word' id='word_1_12' title='bbox 1345 352 1401 379; x_wconf 89' lang='lat' dir='ltr'>est</span> <span class='ocrx_word' id='word_1_13' title='bbox 1447 345 1494 380; x_wconf 88' lang='lat' dir='ltr'>de</span> <span class='ocrx_word' id='word_1_14' title='bbox 1538 343 1775 380; x_wconf 81' lang='lat' dir='ltr'>necessitate</span> 
     </span>
     <span class='ocr_line' id='line_1_3' title="bbox 188 395 1774 458; baseline -0.001 -19"><span class='ocrx_word' id='word_1_15' title='bbox 188 395 431 458; x_wconf 42' lang='lat' dir='ltr'>neceffissiiffyisthe</span> <span class='ocrx_word' id='word_1_16' title='bbox 464 403 602 439; x_wconf 87' lang='lat' dir='ltr'>salutis</span> <span class='ocrx_word' id='word_1_17' title='bbox 641 403 771 439; x_wconf 89' lang='lat' dir='ltr'>facere</span> <span class='ocrx_word' id='word_1_18' title='bbox 810 401 989 438; x_wconf 84' lang='lat' dir='ltr'>fidelium</span> <span class='ocrx_word' id='word_1_19' title='bbox 1029 401 1305 438; x_wconf 83' lang='lat' dir='ltr'>obedienciam</span> <span class='ocrx_word' id='word_1_20' title='bbox 1347 410 1383 437; x_wconf 94' lang='lat' dir='ltr'>et</span> <span class='ocrx_word' id='word_1_21' title='bbox 1423 401 1513 437; x_wconf 88' lang='lat' dir='ltr'>duci</span> <span class='ocrx_word' id='word_1_22' title='bbox 1551 413 1622 449; x_wconf 90' lang='lat' dir='ltr'>per</span> <span class='ocrx_word' id='word_1_23' title='bbox 1654 402 1774 437; x_wconf 90' lang='lat' dir='ltr'>talem</span> 
     </span>
    </p>
   </div>
   <div class='ocr_carea' id='block_1_3' title="bbox 227 456 1774 519">
    <p class='ocr_par' dir='ltr' id='par_1_3' title="bbox 227 456 1774 519">
     <span class='ocr_line' id='line_1_4' title="bbox 227 456 1774 519; baseline -0.002 -22"><span class='ocrx_word' id='word_1_24' title='bbox 227 456 400 519; x_wconf 50' lang='lat' dir='ltr'>Argiffihrcifst</span> <span class='ocrx_word' id='word_1_25' title='bbox 465 460 732 508; x_wconf 79' lang='lat' dir='ltr'>capitaneum,</span> <span class='ocrx_word' id='word_1_26' title='bbox 766 468 950 508; x_wconf 87' lang='lat' dir='ltr'>patenter</span> <span class='ocrx_word' id='word_1_27' title='bbox 973 461 1176 496; x_wconf 85' lang='lat' dir='ltr'>destructa</span> <span class='ocrx_word' id='word_1_28' title='bbox 1199 459 1300 495; x_wconf 87' lang='lat' dir='ltr'>foret</span> <span class='ocrx_word' id='word_1_29' title='bbox 1323 459 1519 495; x_wconf 83' lang='lat' dir='ltr'>anticristi</span> <span class='ocrx_word' id='word_1_30' title='bbox 1548 459 1774 495; x_wconf 85' lang='lat' dir='ltr'>blasfemia!</span> 
     </span>
    </p>
   </div>
   <div class='ocr_carea' id='block_1_4' title="bbox 175 516 1777 565">
    <p class='ocr_par' dir='ltr' id='par_1_4' title="bbox 175 516 1777 565">
     <span class='ocr_line' id='line_1_5' title="bbox 175 516 1777 565; baseline -0.002 -10"><span class='ocrx_word' id='word_1_31' title='bbox 175 526 276 553; x_wconf 80' lang='lat' dir='ltr'>would</span> <span class='ocrx_word' id='word_1_32' title='bbox 291 527 326 553; x_wconf 82' lang='lat' dir='ltr'>be</span> <span class='ocrx_word' id='word_1_33' title='bbox 339 524 448 552; x_wconf 81' lang='lat' dir='ltr'>ended.</span> <span class='ocrx_word' id='word_1_34' title='bbox 465 518 620 555; x_wconf 85' lang='lat' dir='ltr'>Sufficit</span> <span class='ocrx_word' id='word_1_35' title='bbox 652 518 756 555; x_wconf 90' lang='lat' dir='ltr'>enim</span> <span class='ocrx_word' id='word_1_36' title='bbox 792 517 976 553; x_wconf 89' lang='lat' dir='ltr'>fidelibus</span> <span class='ocrx_word' id='word_1_37' title='bbox 1009 519 1117 565; x_wconf 89' lang='lat' dir='ltr'>quod</span> <span class='ocrx_word' id='word_1_38' title='bbox 1140 517 1214 565; x_wconf 90' lang='lat' dir='ltr'>ipsi</span> <span class='ocrx_word' id='word_1_39' title='bbox 1242 529 1341 564; x_wconf 88' lang='lat' dir='ltr'>pure</span> <span class='ocrx_word' id='word_1_40' title='bbox 1364 516 1531 564; x_wconf 82' lang='lat' dir='ltr'>diligant</span> <span class='ocrx_word' id='word_1_41' title='bbox 1555 526 1591 553; x_wconf 90' lang='lat' dir='ltr'>et</span> <span class='ocrx_word' id='word_1_42' title='bbox 1615 525 1777 553; x_wconf 88' lang='lat' dir='ltr'>teneant</span> 
     </span>
    </p>
   </div>
   <div class='ocr_carea' id='block_1_5' title="bbox 179 574 1778 688">
    <p class='ocr_par' dir='ltr' id='par_1_5' title="bbox 179 574 1778 688">
     <span class='ocr_line' id='line_1_6' title="bbox 181 574 1776 625; baseline 0.001 -16"><span class='ocrx_word' id='word_1_43' title='bbox 181 585 205 612; x_wconf 89' lang='lat' dir='ltr'>It</span> <span class='ocrx_word' id='word_1_44' title='bbox 225 584 250 611; x_wconf 71' lang='lat' dir='ltr'>is</span> <span class='ocrx_word' id='word_1_45' title='bbox 271 584 392 625; x_wconf 62' lang='lat' dir='ltr'>enough</span> <span class='ocrx_word' id='word_1_46' title='bbox 413 587 442 609; x_wconf 85' lang='lat' dir='ltr'>to</span> <span class='ocrx_word' id='word_1_47' title='bbox 464 577 590 624; x_wconf 88' lang='lat' dir='ltr'>legem</span> <span class='ocrx_word' id='word_1_48' title='bbox 615 576 753 621; x_wconf 83' lang='lat' dir='ltr'>Cristi3</span> <span class='ocrx_word' id='word_1_49' title='bbox 787 575 881 623; x_wconf 87' lang='lat' dir='ltr'>quia</span> <span class='ocrx_word' id='word_1_50' title='bbox 907 577 1009 622; x_wconf 91' lang='lat' dir='ltr'>(Act.</span> <span class='ocrx_word' id='word_1_51' title='bbox 1033 577 1074 623; x_wconf 85' lang='lat'>4)</span> <span class='ocrx_word' id='word_1_52' title='bbox 1107 575 1203 611; x_wconf 90' lang='lat' dir='ltr'>dicit</span> <span class='ocrx_word' id='word_1_53' title='bbox 1227 574 1323 611; x_wconf 87' lang='lat' dir='ltr'>fides</span> <span class='ocrx_word' id='word_1_54' title='bbox 1357 575 1634 622; x_wconf 87' lang='lat' dir='ltr'>apostolorum</span> <span class='ocrx_word' id='word_1_55' title='bbox 1670 576 1776 622; x_wconf 90' lang='lat' dir='ltr'>quod</span> 
     </span>
     <span class='ocr_line' id='line_1_7' title="bbox 179 617 1778 688; baseline -0.001 -18"><span class='ocrx_word' id='word_1_56' title='bbox 179 617 448 688; x_wconf 42' lang='lat' dir='ltr'>issgeepssfflgsraap&#39;d</span> <span class='ocrx_word' id='word_1_57' title='bbox 464 647 536 670; x_wconf 84' lang='lat' dir='ltr'>non</span> <span class='ocrx_word' id='word_1_58' title='bbox 569 641 624 670; x_wconf 79' lang='lat' dir='ltr'>est</span> <span class='ocrx_word' id='word_1_59' title='bbox 655 634 762 670; x_wconf 81' lang='lat' dir='ltr'>aliud</span> <span class='ocrx_word' id='word_1_60' title='bbox 794 645 928 669; x_wconf 82' lang='lat' dir='ltr'>nomen</span> <span class='ocrx_word' id='word_1_61' title='bbox 961 634 1027 669; x_wconf 83' lang='lat' dir='ltr'>sub</span> <span class='ocrx_word' id='word_1_62' title='bbox 1060 633 1153 676; x_wconf 75' lang='lat' dir='ltr'>celo,</span> <span class='ocrx_word' id='word_1_63' title='bbox 1192 632 1228 668; x_wconf 85' lang='lat' dir='ltr'>in</span> <span class='ocrx_word' id='word_1_64' title='bbox 1261 644 1332 681; x_wconf 81' lang='lat' dir='ltr'>quo</span> <span class='ocrx_word' id='word_1_65' title='bbox 1367 640 1518 681; x_wconf 80' lang='lat' dir='ltr'>oportet</span> <span class='ocrx_word' id='word_1_66' title='bbox 1550 645 1616 668; x_wconf 82' lang='lat' dir='ltr'>nos</span> <span class='ocrx_word' id='word_1_67' title='bbox 1648 633 1778 668; x_wconf 80' lang='lat' dir='ltr'>salvos</span> 
     </span>
    </p>
   </div>
   <div class='ocr_carea' id='block_1_6' title="bbox 179 687 1776 749">
    <p class='ocr_par' dir='ltr' id='par_1_6' title="bbox 179 687 1776 749">
     <span class='ocr_line' id='line_1_8' title="bbox 179 687 1776 749; baseline -0.001 -22"><span class='ocrx_word' id='word_1_68' title='bbox 179 687 560 749; x_wconf 48' lang='lat' dir='ltr'>bywlevlgffihaggnefieri,</span> <span class='ocrx_word' id='word_1_69' title='bbox 594 692 666 728; x_wconf 80' lang='lat' dir='ltr'>nisi</span> <span class='ocrx_word' id='word_1_70' title='bbox 696 703 829 727; x_wconf 83' lang='lat' dir='ltr'>nomen</span> <span class='ocrx_word' id='word_1_71' title='bbox 865 691 1010 726; x_wconf 85' lang='lat' dir='ltr'>domini</span> <span class='ocrx_word' id='word_1_72' title='bbox 1037 691 1126 726; x_wconf 82' lang='lat' dir='ltr'>Jesu</span> <span class='ocrx_word' id='word_1_73' title='bbox 1165 690 1294 726; x_wconf 81' lang='lat' dir='ltr'>Cristi.</span> <span class='ocrx_word' id='word_1_74' title='bbox 1335 691 1367 726; x_wconf 90' lang='lat' dir='ltr'>O</span> <span class='ocrx_word' id='word_1_75' title='bbox 1401 689 1431 726; x_wconf 92' lang='lat' dir='ltr'>si</span> <span class='ocrx_word' id='word_1_76' title='bbox 1467 690 1602 726; x_wconf 83' lang='lat' dir='ltr'>fideles</span> <span class='ocrx_word' id='word_1_77' title='bbox 1635 691 1776 727; x_wconf 86' lang='lat' dir='ltr'>fratres</span> 
     </span>
    </p>
   </div>
   <div class='ocr_carea' id='block_1_7' title="bbox 262 744 1779 968">
    <p class='ocr_par' dir='ltr' id='par_1_7' title="bbox 262 744 1779 968">
     <span class='ocr_line' id='line_1_9' title="bbox 262 744 1775 801; baseline -0.001 -17"><span class='ocrx_word' id='word_1_78' title='bbox 262 756 365 784; x_wconf 79' lang='lat' dir='ltr'>saved.</span> <span class='ocrx_word' id='word_1_79' title='bbox 466 763 555 786; x_wconf 91' lang='lat' dir='ltr'>cum</span> <span class='ocrx_word' id='word_1_80' title='bbox 609 749 696 785; x_wconf 90' lang='lat' dir='ltr'>aliis</span> <span class='ocrx_word' id='word_1_81' title='bbox 742 756 973 785; x_wconf 86' lang='lat' dir='ltr'>constanter</span> <span class='ocrx_word' id='word_1_82' title='bbox 1016 747 1268 796; x_wconf 87' lang='lat' dir='ltr'>publicarent</span> <span class='ocrx_word' id='word_1_83' title='bbox 1314 747 1431 784; x_wconf 88' lang='lat' dir='ltr'>istam</span> <span class='ocrx_word' id='word_1_84' title='bbox 1476 747 1736 793; x_wconf 86' lang='lat' dir='ltr'>sentenciam,</span> <span class='ocrx_word' id='word_1_85' title='bbox 1772 744 1775 801; x_wconf 63' lang='lat' dir='ltr'>l</span> 
     </span>
     <span class='ocr_line' id='line_1_10' title="bbox 464 805 1778 855; baseline -0.001 -12"><span class='ocrx_word' id='word_1_86' title='bbox 464 807 690 855; x_wconf 89' lang='lat' dir='ltr'>postposito</span> <span class='ocrx_word' id='word_1_87' title='bbox 723 806 832 842; x_wconf 90' lang='lat' dir='ltr'>omni</span> <span class='ocrx_word' id='word_1_88' title='bbox 867 818 1004 842; x_wconf 82' lang='lat' dir='ltr'>amore</span> <span class='ocrx_word' id='word_1_89' title='bbox 1036 805 1205 854; x_wconf 82' lang='lat' dir='ltr'>privato,</span> <span class='ocrx_word' id='word_1_90' title='bbox 1239 805 1423 854; x_wconf 87' lang='lat' dir='ltr'>preciosa</span> <span class='ocrx_word' id='word_1_91' title='bbox 1455 806 1559 842; x_wconf 88' lang='lat' dir='ltr'>foret</span> <span class='ocrx_word' id='word_1_92' title='bbox 1592 818 1699 842; x_wconf 90' lang='lat' dir='ltr'>mors</span> <span class='ocrx_word' id='word_1_93' title='bbox 1722 805 1778 842; x_wconf 91' lang='lat' dir='ltr'>sic</span> 
     </span>
     <span class='ocr_line' id='line_1_11' title="bbox 464 863 1779 912; baseline -0.002 -11"><span class='ocrx_word' id='word_1_94' title='bbox 464 864 751 902; x_wconf 90' lang='lat' dir='ltr'>decedencium</span> <span class='ocrx_word' id='word_1_95' title='bbox 785 877 828 900; x_wconf 86' lang='lat' dir='ltr'>ex</span> <span class='ocrx_word' id='word_1_96' title='bbox 861 863 1106 912; x_wconf 89' lang='lat' dir='ltr'>purgacione</span> <span class='ocrx_word' id='word_1_97' title='bbox 1140 863 1316 911; x_wconf 87' lang='lat' dir='ltr'>gloriosa</span> <span class='ocrx_word' id='word_1_98' title='bbox 1349 864 1514 900; x_wconf 86' lang='lat' dir='ltr'>ecclesie</span> <span class='ocrx_word' id='word_1_99' title='bbox 1541 865 1590 900; x_wconf 94' lang='lat' dir='ltr'>ab</span> <span class='ocrx_word' id='word_1_100' title='bbox 1614 863 1779 912; x_wconf 89' lang='lat' dir='ltr'>antiqua</span> 
     </span>
     <span class='ocr_line' id='line_1_12' title="bbox 465 921 1777 968; baseline -0.001 -9"><span class='ocrx_word' id='word_1_101' title='bbox 465 922 686 968; x_wconf 83' lang='lat' dir='ltr'>blasfemia,</span> <span class='ocrx_word' id='word_1_102' title='bbox 721 930 758 958; x_wconf 92' lang='lat' dir='ltr'>et</span> <span class='ocrx_word' id='word_1_103' title='bbox 791 934 835 958; x_wconf 81' lang='lat' dir='ltr'>ex</span> <span class='ocrx_word' id='word_1_104' title='bbox 867 921 1079 958; x_wconf 89' lang='lat' dir='ltr'>amocione</span> <span class='ocrx_word' id='word_1_105' title='bbox 1111 921 1310 958; x_wconf 87' lang='lat' dir='ltr'>obstaculi</span> <span class='ocrx_word' id='word_1_106' title='bbox 1342 922 1538 958; x_wconf 83' lang='lat' dir='ltr'>tardantis</span> <span class='ocrx_word' id='word_1_107' title='bbox 1568 921 1777 958; x_wconf 90' lang='lat' dir='ltr'>ecclesiam</span> 
     </span>
    </p>
   </div>
   <div class='ocr_carea' id='block_1_8' title="bbox 184 979 1780 1093">
    <p class='ocr_par' dir='ltr' id='par_1_8' title="bbox 184 979 1780 1093">
     <span class='ocr_line' id='line_1_13' title="bbox 194 979 1780 1029; baseline -0.001 -12"><span class='ocrx_word' id='word_1_108' title='bbox 194 988 263 1026; x_wconf 67' lang='lat' dir='ltr'>And</span> <span class='ocrx_word' id='word_1_109' title='bbox 285 987 354 1014; x_wconf 81' lang='lat' dir='ltr'>then</span> <span class='ocrx_word' id='word_1_110' title='bbox 377 987 426 1025; x_wconf 69' lang='lat' dir='ltr'>the</span> <span class='ocrx_word' id='word_1_111' title='bbox 464 982 513 1017; x_wconf 83' lang='lat' dir='ltr'>ab</span> <span class='ocrx_word' id='word_1_112' title='bbox 558 979 820 1017; x_wconf 86' lang='lat' dir='ltr'>ordinacione</span> <span class='ocrx_word' id='word_1_113' title='bbox 864 980 1041 1029; x_wconf 88' lang='lat' dir='ltr'>perfecta</span> <span class='ocrx_word' id='word_1_114' title='bbox 1086 980 1282 1028; x_wconf 86' lang='lat' dir='ltr'>primeva!</span> <span class='ocrx_word' id='word_1_115' title='bbox 1334 981 1449 1016; x_wconf 90' lang='lat' dir='ltr'>Tunc</span> <span class='ocrx_word' id='word_1_116' title='bbox 1494 980 1598 1016; x_wconf 90' lang='lat' dir='ltr'>enim</span> <span class='ocrx_word' id='word_1_117' title='bbox 1645 988 1780 1027; x_wconf 89' lang='lat' dir='ltr'>posset</span> 
     </span>
     <span class='ocr_line' id='line_1_14' title="bbox 184 1021 1779 1093; baseline 0 -19"><span class='ocrx_word' id='word_1_118' title='bbox 184 1021 630 1093; x_wconf 49' lang='grc' dir='ltr'>ξ’ξὲγάἶξῗνᾞζξὲἵΓεςιωῑῃ</span> <span class='ocrx_word' id='word_1_119' title='bbox 670 1046 852 1074; x_wconf 86' lang='lat' dir='ltr'>nostrum</span> <span class='ocrx_word' id='word_1_120' title='bbox 892 1037 1056 1074; x_wconf 90' lang='lat' dir='ltr'>obedire</span> <span class='ocrx_word' id='word_1_121' title='bbox 1095 1038 1320 1086; x_wconf 84' lang='lat' dir='ltr'>cuicunque</span> <span class='ocrx_word' id='word_1_122' title='bbox 1354 1039 1473 1074; x_wconf 90' lang='lat' dir='ltr'>docto</span> <span class='ocrx_word' id='word_1_123' title='bbox 1513 1050 1597 1074; x_wconf 87' lang='lat' dir='ltr'>esse</span> <span class='ocrx_word' id='word_1_124' title='bbox 1628 1037 1779 1074; x_wconf 89' lang='lat' dir='ltr'>vicario</span> 
     </span>
    </p>
   </div>
   <div class='ocr_carea' id='block_1_9' title="bbox 178 1087 1777 1153">
    <p class='ocr_par' dir='ltr' id='par_1_9' title="bbox 178 1087 1777 1153">
     <span class='ocr_line' id='line_1_15' title="bbox 178 1087 1777 1153; baseline 0 -21"><span class='ocrx_word' id='word_1_125' title='bbox 178 1087 584 1153; x_wconf 40' lang='grc' dir='ltr'>Ηῐῇξῑξζὲοᾞέξξοῦἔθ(3Γί3ϊί</span> <span class='ocrx_word' id='word_1_126' title='bbox 622 1109 693 1144; x_wconf 87' lang='lat' dir='ltr'>per</span> <span class='ocrx_word' id='word_1_127' title='bbox 732 1108 868 1144; x_wconf 85' lang='lat' dir='ltr'>opera,</span> <span class='ocrx_word' id='word_1_128' title='bbox 915 1096 1027 1132; x_wconf 86' lang='lat' dir='ltr'>sicud</span> <span class='ocrx_word' id='word_1_129' title='bbox 1072 1095 1211 1132; x_wconf 88' lang='lat' dir='ltr'>debuit</span> <span class='ocrx_word' id='word_1_130' title='bbox 1255 1095 1418 1132; x_wconf 86' lang='lat' dir='ltr'>obedire</span> <span class='ocrx_word' id='word_1_131' title='bbox 1464 1105 1604 1132; x_wconf 89' lang='lat' dir='ltr'>sancto</span> <span class='ocrx_word' id='word_1_132' title='bbox 1645 1098 1777 1141; x_wconf 81' lang='lat' dir='ltr'>Petro,</span> 
     </span>
    </p>
   </div>
   <div class='ocr_carea' id='block_1_10' title="bbox 184 1153 1780 1264">
    <p class='ocr_par' dir='ltr' id='par_1_10' title="bbox 184 1153 1780 1264">
     <span class='ocr_line' id='line_1_16' title="bbox 184 1153 1779 1202; baseline 0.001 -14"><span class='ocrx_word' id='word_1_133' title='bbox 184 1160 439 1199; x_wconf 67' lang='lat' dir='ltr'>clu-ist’svicar:</span> <span class='ocrx_word' id='word_1_134' title='bbox 464 1167 545 1191; x_wconf 86' lang='lat' dir='ltr'>non</span> <span class='ocrx_word' id='word_1_135' title='bbox 584 1154 624 1190; x_wconf 92' lang='lat' dir='ltr'>in</span> <span class='ocrx_word' id='word_1_136' title='bbox 662 1154 919 1190; x_wconf 88' lang='lat' dir='ltr'>fraudulenta</span> <span class='ocrx_word' id='word_1_137' title='bbox 957 1154 1241 1202; x_wconf 83' lang='lat' dir='ltr'>temporalium</span> <span class='ocrx_word' id='word_1_138' title='bbox 1283 1154 1576 1199; x_wconf 87' lang='lat' dir='ltr'>subtraccione,</span> <span class='ocrx_word' id='word_1_139' title='bbox 1621 1167 1701 1190; x_wconf 91' lang='lat' dir='ltr'>non</span> <span class='ocrx_word' id='word_1_140' title='bbox 1739 1153 1779 1189; x_wconf 92' lang='lat' dir='ltr'>in</span> 
     </span>
     <span class='ocr_line' id='line_1_17' title="bbox 192 1195 1780 1264; baseline -0.006 -7"><span class='ocrx_word' id='word_1_141' title='bbox 192 1195 433 1264; x_wconf 41' lang='lat' dir='ltr'>tlutshgvclifflgtbe</span> <span class='ocrx_word' id='word_1_142' title='bbox 466 1214 741 1249; x_wconf 85' lang='lat' dir='ltr'>membrorum</span> <span class='ocrx_word' id='word_1_143' title='bbox 776 1211 973 1248; x_wconf 86' lang='lat' dir='ltr'>anticristi</span> <span class='ocrx_word' id='word_1_144' title='bbox 1006 1212 1174 1248; x_wconf 92' lang='lat' dir='ltr'>subdola</span> <span class='ocrx_word' id='word_1_145' title='bbox 1207 1212 1473 1260; x_wconf 89' lang='lat' dir='ltr'>perfeccione,</span> <span class='ocrx_word' id='word_1_146' title='bbox 1507 1224 1580 1249; x_wconf 89' lang='lat' dir='ltr'>nec</span> <span class='ocrx_word' id='word_1_147' title='bbox 1608 1212 1648 1248; x_wconf 91' lang='lat' dir='ltr'>in</span> <span class='ocrx_word' id='word_1_148' title='bbox 1677 1212 1780 1248; x_wconf 89' lang='lat' dir='ltr'>blas-</span> 
     </span>
    </p>
   </div>
   <div class='ocr_carea' id='block_1_11' title="bbox 223 1264 1780 1318">
    <p class='ocr_par' dir='ltr' id='par_1_11' title="bbox 223 1264 1780 1318">
     <span class='ocr_line' id='line_1_18' title="bbox 223 1264 1780 1318; baseline 0 -12"><span class='ocrx_word' id='word_1_149' title='bbox 223 1264 400 1292; x_wconf 75' lang='lat' dir='ltr'>obedience.</span> <span class='ocrx_word' id='word_1_150' title='bbox 465 1271 568 1307; x_wconf 85' lang='lat' dir='ltr'>ferne</span> <span class='ocrx_word' id='word_1_151' title='bbox 601 1269 884 1306; x_wconf 88' lang='lat' dir='ltr'>instruccionis</span> <span class='ocrx_word' id='word_1_152' title='bbox 917 1269 1203 1315; x_wconf 83' lang='lat' dir='ltr'>seminacione,</span> <span class='ocrx_word' id='word_1_153' title='bbox 1237 1271 1304 1307; x_wconf 89' lang='lat' dir='ltr'>sed</span> <span class='ocrx_word' id='word_1_154' title='bbox 1328 1269 1369 1306; x_wconf 92' lang='lat' dir='ltr'>in</span> <span class='ocrx_word' id='word_1_155' title='bbox 1391 1270 1661 1318; x_wconf 86' lang='lat' dir='ltr'>spiritualium</span> <span class='ocrx_word' id='word_1_156' title='bbox 1685 1269 1780 1317; x_wconf 88' lang='lat' dir='ltr'>legis</span> 
     </span>
    </p>
   </div>
   <div class='ocr_carea' id='block_1_12' title="bbox 200 1327 1781 1434">
    <p class='ocr_par' dir='ltr' id='par_1_12' title="bbox 200 1327 1781 1434">
     <span class='ocr_line' id='line_1_19' title="bbox 228 1327 1781 1376; baseline -0.001 -11"><span class='ocrx_word' id='word_1_157' title='bbox 228 1334 290 1361; x_wconf 88' lang='lat' dir='ltr'>For</span> <span class='ocrx_word' id='word_1_158' title='bbox 309 1342 399 1369; x_wconf 81' lang='lat' dir='ltr'>every</span> <span class='ocrx_word' id='word_1_159' title='bbox 466 1328 585 1366; x_wconf 87' lang='lat' dir='ltr'>Cristi</span> <span class='ocrx_word' id='word_1_160' title='bbox 629 1327 925 1376; x_wconf 84' lang='lat' dir='ltr'>predicacione.</span> <span class='ocrx_word' id='word_1_161' title='bbox 978 1330 1055 1364; x_wconf 88' lang='lat' dir='ltr'>Ista</span> <span class='ocrx_word' id='word_1_162' title='bbox 1106 1327 1211 1364; x_wconf 89' lang='lat' dir='ltr'>enim</span> <span class='ocrx_word' id='word_1_163' title='bbox 1262 1329 1364 1365; x_wconf 88' lang='lat' dir='ltr'>foret</span> <span class='ocrx_word' id='word_1_164' title='bbox 1407 1341 1498 1365; x_wconf 85' lang='lat' dir='ltr'>vera</span> <span class='ocrx_word' id='word_1_165' title='bbox 1544 1327 1781 1364; x_wconf 88' lang='lat' dir='ltr'>obediencia</span> 
     </span>
     <span class='ocr_line' id='line_1_20' title="bbox 200 1368 1780 1434; baseline 0 -12"><span class='ocrx_word' id='word_1_166' title='bbox 200 1368 430 1431; x_wconf 54' lang='lat' dir='ltr'>fflssvgffsejssttjfnf</span> <span class='ocrx_word' id='word_1_167' title='bbox 465 1385 584 1423; x_wconf 88' lang='lat' dir='ltr'>Cristi</span> <span class='ocrx_word' id='word_1_168' title='bbox 606 1385 769 1432; x_wconf 79' lang='lat' dir='ltr'>vicario,</span> <span class='ocrx_word' id='word_1_169' title='bbox 803 1398 825 1422; x_wconf 88' lang='lat' dir='ltr'>a</span> <span class='ocrx_word' id='word_1_170' title='bbox 849 1398 928 1434; x_wconf 89' lang='lat' dir='ltr'>qua</span> <span class='ocrx_word' id='word_1_171' title='bbox 950 1386 1099 1422; x_wconf 88' lang='lat' dir='ltr'>saltans</span> <span class='ocrx_word' id='word_1_172' title='bbox 1123 1394 1159 1422; x_wconf 92' lang='lat' dir='ltr'>et</span> <span class='ocrx_word' id='word_1_173' title='bbox 1187 1386 1395 1423; x_wconf 86' lang='lat' dir='ltr'>blasfemia</span> <span class='ocrx_word' id='word_1_174' title='bbox 1419 1386 1596 1434; x_wconf 84' lang='lat' dir='ltr'>priorem</span> <span class='ocrx_word' id='word_1_175' title='bbox 1625 1386 1780 1434; x_wconf 82' lang='lat' dir='ltr'>exigens</span> 
     </span>
    </p>
   </div>
   <div class='ocr_carea' id='block_1_13' title="bbox 195 1437 1779 1508">
    <p class='ocr_par' dir='ltr' id='par_1_13' title="bbox 195 1437 1779 1508">
     <span class='ocr_line' id='line_1_21' title="bbox 195 1437 1779 1508; baseline 0.001 -29"><span class='ocrx_word' id='word_1_176' title='bbox 195 1437 433 1508; x_wconf 48' lang='grc' dir='ltr'>[ἐῇζῑέξρέᾓίῖἓξ</span> <span class='ocrx_word' id='word_1_177' title='bbox 466 1443 630 1489; x_wconf 85' lang='lat' dir='ltr'>indicat,</span> <span class='ocrx_word' id='word_1_178' title='bbox 670 1453 712 1480; x_wconf 92' lang='lat' dir='ltr'>ut</span> <span class='ocrx_word' id='word_1_179' title='bbox 745 1443 814 1489; x_wconf 85' lang='lat' dir='ltr'>sic,</span> <span class='ocrx_word' id='word_1_180' title='bbox 853 1456 894 1480; x_wconf 89' lang='lat' dir='ltr'>se</span> <span class='ocrx_word' id='word_1_181' title='bbox 928 1456 1011 1480; x_wconf 86' lang='lat' dir='ltr'>esse</span> <span class='ocrx_word' id='word_1_182' title='bbox 1042 1443 1237 1480; x_wconf 89' lang='lat' dir='ltr'>vicarium</span> <span class='ocrx_word' id='word_1_183' title='bbox 1272 1443 1481 1481; x_wconf 89' lang='lat' dir='ltr'>anticristi.</span> <span class='ocrx_word' id='word_1_184' title='bbox 1521 1446 1635 1481; x_wconf 88' lang='lat' dir='ltr'>Tunc</span> <span class='ocrx_word' id='word_1_185' title='bbox 1674 1443 1779 1480; x_wconf 89' lang='lat' dir='ltr'>enim</span> 
     </span>
    </p>
   </div>
   <div class='ocr_carea' id='block_1_14' title="bbox 183 1501 1781 1608">
    <p class='ocr_par' dir='ltr' id='par_1_14' title="bbox 183 1501 1781 1608">
     <span class='ocr_line' id='line_1_22' title="bbox 232 1501 1781 1549; baseline 0.001 -12"><span class='ocrx_word' id='word_1_186' title='bbox 232 1506 300 1535; x_wconf 85' lang='lat' dir='ltr'>God</span> <span class='ocrx_word' id='word_1_187' title='bbox 323 1515 355 1534; x_wconf 81' lang='lat' dir='ltr'>as</span> <span class='ocrx_word' id='word_1_188' title='bbox 377 1515 423 1546; x_wconf 54' lang='lat' dir='ltr'>a,</span> <span class='ocrx_word' id='word_1_189' title='bbox 465 1501 725 1538; x_wconf 85' lang='lat' dir='ltr'>fructificaret</span> <span class='ocrx_word' id='word_1_190' title='bbox 763 1502 861 1538; x_wconf 90' lang='lat' dir='ltr'>fides</span> <span class='ocrx_word' id='word_1_191' title='bbox 899 1501 938 1537; x_wconf 89' lang='lat' dir='ltr'>in</span> <span class='ocrx_word' id='word_1_192' title='bbox 976 1501 1106 1549; x_wconf 88' lang='lat' dir='ltr'>regnis</span> <span class='ocrx_word' id='word_1_193' title='bbox 1138 1510 1182 1538; x_wconf 92' lang='lat' dir='ltr'>ut</span> <span class='ocrx_word' id='word_1_194' title='bbox 1215 1511 1345 1547; x_wconf 89' lang='lat' dir='ltr'>antea,</span> <span class='ocrx_word' id='word_1_195' title='bbox 1392 1510 1528 1539; x_wconf 87' lang='lat' dir='ltr'>amoto</span> <span class='ocrx_word' id='word_1_196' title='bbox 1572 1502 1781 1539; x_wconf 91' lang='lat' dir='ltr'>obstaculo</span> 
     </span>
     <span class='ocr_line' id='line_1_23' title="bbox 183 1541 1781 1608; baseline 0.001 -14"><span class='ocrx_word' id='word_1_197' title='bbox 183 1541 442 1604; x_wconf 54' lang='lat' dir='ltr'>cauffffnffi‘sssffis</span> <span class='ocrx_word' id='word_1_198' title='bbox 466 1559 616 1596; x_wconf 88' lang='lat' dir='ltr'>diaboli</span> <span class='ocrx_word' id='word_1_199' title='bbox 654 1560 905 1607; x_wconf 86' lang='lat' dir='ltr'>prohibente.</span> <span class='ocrx_word' id='word_1_200' title='bbox 951 1561 1121 1608; x_wconf 89' lang='lat' dir='ltr'>Oportet</span> <span class='ocrx_word' id='word_1_201' title='bbox 1158 1559 1263 1596; x_wconf 89' lang='lat' dir='ltr'>enim</span> <span class='ocrx_word' id='word_1_202' title='bbox 1298 1569 1449 1597; x_wconf 89' lang='lat' dir='ltr'>motum</span> <span class='ocrx_word' id='word_1_203' title='bbox 1485 1560 1639 1608; x_wconf 86' lang='lat' dir='ltr'>populi,</span> <span class='ocrx_word' id='word_1_204' title='bbox 1680 1569 1781 1596; x_wconf 92' lang='lat' dir='ltr'>tam-</span> 
     </span>
    </p>
   </div>
   <div class='ocr_carea' id='block_1_15' title="bbox 190 1611 1782 1725">
    <p class='ocr_par' dir='ltr' id='par_1_15' title="bbox 190 1611 1782 1725">
     <span class='ocr_line' id='line_1_24' title="bbox 190 1611 1782 1673; baseline 0 -19"><span class='ocrx_word' id='word_1_205' title='bbox 190 1611 442 1673; x_wconf 47' lang='lat' dir='ltr'>sessgcgvsigjlglee‘mh</span> <span class='ocrx_word' id='word_1_206' title='bbox 467 1631 587 1666; x_wconf 89' lang='lat' dir='ltr'>quam</span> <span class='ocrx_word' id='word_1_207' title='bbox 627 1626 783 1654; x_wconf 90' lang='lat' dir='ltr'>motum</span> <span class='ocrx_word' id='word_1_208' title='bbox 823 1617 1009 1654; x_wconf 89' lang='lat' dir='ltr'>elementi</span> <span class='ocrx_word' id='word_1_209' title='bbox 1041 1617 1103 1654; x_wconf 90' lang='lat' dir='ltr'>vel</span> <span class='ocrx_word' id='word_1_210' title='bbox 1142 1617 1267 1663; x_wconf 85' lang='lat' dir='ltr'>mixti,</span> <span class='ocrx_word' id='word_1_211' title='bbox 1308 1631 1389 1654; x_wconf 90' lang='lat' dir='ltr'>non</span> <span class='ocrx_word' id='word_1_212' title='bbox 1429 1631 1473 1654; x_wconf 82' lang='lat' dir='ltr'>ex</span> <span class='ocrx_word' id='word_1_213' title='bbox 1505 1631 1546 1655; x_wconf 90' lang='lat' dir='ltr'>se</span> <span class='ocrx_word' id='word_1_214' title='bbox 1579 1617 1677 1665; x_wconf 88' lang='lat' dir='ltr'>fieri,</span> <span class='ocrx_word' id='word_1_215' title='bbox 1713 1620 1782 1655; x_wconf 90' lang='lat' dir='ltr'>sed</span> 
     </span>
     <span class='ocr_line' id='line_1_25' title="bbox 315 1664 1780 1725; baseline 0 -12"><span class='ocrx_word' id='word_1_216' title='bbox 315 1664 321 1673; x_wconf 44' lang='grc' dir='ltr'><strong>ι</strong></span> <span class='ocrx_word' id='word_1_217' title='bbox 382 1668 387 1673; x_wconf 68' lang='grc'><strong>’</strong></span> <span class='ocrx_word' id='word_1_218' title='bbox 467 1689 488 1713; x_wconf 88' lang='lat' dir='ltr'>a</span> <span class='ocrx_word' id='word_1_219' title='bbox 522 1677 597 1712; x_wconf 90' lang='lat' dir='ltr'>deo</span> <span class='ocrx_word' id='word_1_220' title='bbox 635 1685 851 1724; x_wconf 83' lang='lat' dir='ltr'>generante</span> <span class='ocrx_word' id='word_1_221' title='bbox 889 1684 926 1712; x_wconf 92' lang='lat' dir='ltr'>et</span> <span class='ocrx_word' id='word_1_222' title='bbox 962 1675 1144 1711; x_wconf 86' lang='lat' dir='ltr'>ministro</span> <span class='ocrx_word' id='word_1_223' title='bbox 1184 1676 1246 1712; x_wconf 88' lang='lat' dir='ltr'>dei</span> <span class='ocrx_word' id='word_1_224' title='bbox 1279 1676 1498 1725; x_wconf 86' lang='lat' dir='ltr'>prohibens</span> <span class='ocrx_word' id='word_1_225' title='bbox 1537 1685 1780 1713; x_wconf 86' lang='lat' dir='ltr'>removente.</span> 
     </span>
    </p>
   </div>
   <div class='ocr_carea' id='block_1_16' title="bbox 198 1733 1782 1809">
    <p class='ocr_par' dir='ltr' id='par_1_16' title="bbox 198 1733 1782 1809">
     <span class='ocr_line' id='line_1_26' title="bbox 198 1733 1782 1809; baseline 0.004 -45"><span class='ocrx_word' id='word_1_226' title='bbox 198 1738 429 1809; x_wconf 34' lang='lat' dir='ltr'>Ditfssguxlht&#39;iaeysjn</span> <span class='ocrx_word' id='word_1_227' title='bbox 525 1735 593 1770; x_wconf 87' lang='lat' dir='ltr'>Est</span> <span class='ocrx_word' id='word_1_228' title='bbox 616 1742 749 1770; x_wconf 87' lang='lat' dir='ltr'>autem</span> <span class='ocrx_word' id='word_1_229' title='bbox 773 1746 865 1782; x_wconf 87' lang='lat' dir='ltr'>pars</span> <span class='ocrx_word' id='word_1_230' title='bbox 888 1733 1083 1770; x_wconf 86' lang='lat' dir='ltr'>anticristi</span> <span class='ocrx_word' id='word_1_231' title='bbox 1113 1733 1226 1770; x_wconf 89' lang='lat' dir='ltr'>fortis</span> <span class='ocrx_word' id='word_1_232' title='bbox 1251 1743 1287 1771; x_wconf 92' lang='lat' dir='ltr'>et</span> <span class='ocrx_word' id='word_1_233' title='bbox 1311 1734 1530 1783; x_wconf 88' lang='lat' dir='ltr'>multiplex,</span> <span class='ocrx_word' id='word_1_234' title='bbox 1565 1734 1782 1783; x_wconf 87' lang='lat' dir='ltr'>prohibens</span> 
     </span>
    </p>
   </div>
   <div class='ocr_carea' id='block_1_17' title="bbox 188 1791 1781 1843">
    <p class='ocr_par' dir='ltr' id='par_1_17' title="bbox 188 1791 1781 1843">
     <span class='ocr_line' id='line_1_27' title="bbox 188 1791 1781 1843; baseline 0.002 -17"><span class='ocrx_word' id='word_1_235' title='bbox 188 1809 324 1843; x_wconf 74' lang='lat' dir='ltr'>strength</span> <span class='ocrx_word' id='word_1_236' title='bbox 345 1795 444 1835; x_wconf 80' lang='lat' dir='ltr'>of&#39;the</span> <span class='ocrx_word' id='word_1_237' title='bbox 467 1791 586 1827; x_wconf 89' lang='lat' dir='ltr'>istum</span> <span class='ocrx_word' id='word_1_238' title='bbox 622 1791 754 1839; x_wconf 82' lang='lat' dir='ltr'>ignem</span> <span class='ocrx_word' id='word_1_239' title='bbox 788 1793 1022 1829; x_wconf 87' lang='lat' dir='ltr'>ascendere:</span> <span class='ocrx_word' id='word_1_240' title='bbox 1057 1792 1107 1828; x_wconf 89' lang='lat' dir='ltr'>ad</span> <span class='ocrx_word' id='word_1_241' title='bbox 1140 1794 1248 1840; x_wconf 90' lang='lat' dir='ltr'>quod</span> <span class='ocrx_word' id='word_1_242' title='bbox 1280 1802 1501 1840; x_wconf 89' lang='lat' dir='ltr'>procurant</span> <span class='ocrx_word' id='word_1_243' title='bbox 1533 1793 1781 1841; x_wconf 84' lang='lat' dir='ltr'>prelatorum</span> 
     </span>
    </p>
   </div>
   <div class='ocr_carea' id='block_1_18' title="bbox 214 1843 1781 1905">
    <p class='ocr_par' dir='ltr' id='par_1_18' title="bbox 214 1843 1781 1905">
     <span class='ocr_line' id='line_1_28' title="bbox 214 1843 1781 1905; baseline 0.001 -20"><span class='ocrx_word' id='word_1_244' title='bbox 214 1843 421 1905; x_wconf 52' lang='lat' dir='ltr'>0¹11J0gvpt²¹hfg½</span> <span class='ocrx_word' id='word_1_245' title='bbox 469 1857 505 1885; x_wconf 92' lang='lat' dir='ltr'>et</span> <span class='ocrx_word' id='word_1_246' title='bbox 551 1849 789 1886; x_wconf 87' lang='lat' dir='ltr'>clericorum</span> <span class='ocrx_word' id='word_1_247' title='bbox 839 1849 1063 1898; x_wconf 88' lang='lat' dir='ltr'>promociO,</span> <span class='ocrx_word' id='word_1_248' title='bbox 1117 1850 1377 1887; x_wconf 85' lang='lat' dir='ltr'>dotacionum</span> <span class='ocrx_word' id='word_1_249' title='bbox 1429 1860 1465 1887; x_wconf 89' lang='lat' dir='ltr'>et</span> <span class='ocrx_word' id='word_1_250' title='bbox 1511 1850 1781 1887; x_wconf 89' lang='lat' dir='ltr'>tradicionum</span> 
     </span>
    </p>
   </div>
   <div class='ocr_carea' id='block_1_19' title="bbox 197 1907 1782 1981">
    <p class='ocr_par' dir='ltr' id='par_1_19' title="bbox 197 1907 1782 1981">
     <span class='ocr_line' id='line_1_29' title="bbox 197 1907 1782 1981; baseline 0.002 -39"><span class='ocrx_word' id='word_1_251' title='bbox 197 1913 380 1981; x_wconf 50' lang='grc' dir='ltr'>ξιξέἲὲτέἓεῑὶοέ</span> <span class='ocrx_word' id='word_1_252' title='bbox 401 1912 455 1974; x_wconf 53' lang='lat' dir='ltr'>(ilie</span> <span class='ocrx_word' id='word_1_253' title='bbox 469 1907 735 1944; x_wconf 81' lang='lat' dir='ltr'>humanarum</span> <span class='ocrx_word' id='word_1_254' title='bbox 766 1908 957 1954; x_wconf 86' lang='lat' dir='ltr'>defensio,</span> <span class='ocrx_word' id='word_1_255' title='bbox 992 1916 1030 1944; x_wconf 92' lang='lat' dir='ltr'>et</span> <span class='ocrx_word' id='word_1_256' title='bbox 1063 1909 1362 1945; x_wconf 88' lang='lat' dir='ltr'>consuetudinis</span> <span class='ocrx_word' id='word_1_257' title='bbox 1395 1909 1511 1945; x_wconf 90' lang='lat' dir='ltr'>huius</span> <span class='ocrx_word' id='word_1_258' title='bbox 1544 1910 1691 1945; x_wconf 88' lang='lat' dir='ltr'>abusus</span> <span class='ocrx_word' id='word_1_259' title='bbox 1724 1909 1782 1945; x_wconf 89' lang='lat' dir='ltr'>in-</span> 
     </span>
     <span class='ocr_line' id='line_1_30' title="bbox 331 1967 382 1980; baseline 0 -7"><span class='ocrx_word' id='word_1_260' title='bbox 331 1969 336 1980; x_wconf 83' lang='lat'>,</span> <span class='ocrx_word' id='word_1_261' title='bbox 377 1967 382 1973; x_wconf 95' lang='lat'><strong>.</strong></span> 
     </span>
    </p>
   </div>
   <div class='ocr_carea' id='block_1_20' title="bbox 205 1965 1782 2085">
    <p class='ocr_par' dir='ltr' id='par_1_20' title="bbox 205 1965 1782 2085">
     <span class='ocr_line' id='line_1_31' title="bbox 227 1965 1782 2009; baseline 0.001 -8"><span class='ocrx_word' id='word_1_262' title='bbox 227 1981 351 2008; x_wconf 65' lang='lat' dir='ltr'>detence</span> <span class='ocrx_word' id='word_1_263' title='bbox 371 1981 406 2009; x_wconf 92' lang='lat' dir='ltr'>of</span> <span class='ocrx_word' id='word_1_264' title='bbox 466 1965 679 2003; x_wconf 83' lang='lat' dir='ltr'>veteracio.</span> <span class='ocrx_word' id='word_1_265' title='bbox 730 1967 808 2002; x_wconf 89' lang='lat' dir='ltr'>Sed</span> <span class='ocrx_word' id='word_1_266' title='bbox 852 1979 919 2003; x_wconf 86' lang='lat' dir='ltr'>rex</span> <span class='ocrx_word' id='word_1_267' title='bbox 963 1966 1140 2002; x_wconf 89' lang='lat' dir='ltr'>celorum</span> <span class='ocrx_word' id='word_1_268' title='bbox 1186 1975 1223 2003; x_wconf 88' lang='lat' dir='ltr'>et</span> <span class='ocrx_word' id='word_1_269' title='bbox 1268 1966 1456 2003; x_wconf 87' lang='lat' dir='ltr'>dominus</span> <span class='ocrx_word' id='word_1_270' title='bbox 1500 1967 1678 2004; x_wconf 91' lang='lat' dir='ltr'>veritatis</span> <span class='ocrx_word' id='word_1_271' title='bbox 1725 1976 1782 2003; x_wconf 90' lang='lat' dir='ltr'>est</span> 
     </span>
     <span class='ocr_line' id='line_1_32' title="bbox 205 2016 430 2053; baseline 0.004 -11"><span class='ocrx_word' id='word_1_272' title='bbox 205 2016 430 2053; x_wconf 84' lang='lat' dir='ltr'>endowments,</span> 
     </span>
     <span class='ocr_line' id='line_1_33' title="bbox 282 2055 350 2085; baseline 0 -8"><span class='ocrx_word' id='word_1_273' title='bbox 282 2055 350 2085; x_wconf 84' lang='lat' dir='ltr'>etc.‚</span> 
     </span>
    </p>
   </div>
   <div class='ocr_carea' id='block_1_21' title="bbox 467 2088 1781 2496">
    <p class='ocr_par' dir='ltr' id='par_1_21' title="bbox 467 2088 1781 2496">
     <span class='ocr_line' id='line_1_34' title="bbox 536 2088 1780 2125; baseline 0.001 -10"><span class='ocrx_word' id='word_1_274' title='bbox 536 2097 560 2116; x_wconf 85' lang='lat'>2.</span> <span class='ocrx_word' id='word_1_275' title='bbox 582 2088 716 2115; x_wconf 86' lang='lat' dir='ltr'>fidelium</span> <span class='ocrx_word' id='word_1_276' title='bbox 737 2088 837 2115; x_wconf 84' lang='lat' dir='ltr'>facere</span> <span class='ocrx_word' id='word_1_277' title='bbox 857 2089 947 2117; x_wconf 86' lang='lat' dir='ltr'><strong>CDE.</strong></span> <span class='ocrx_word' id='word_1_278' title='bbox 1067 2088 1093 2116; x_wconf 84' lang='lat'>3.</span> <span class='ocrx_word' id='word_1_279' title='bbox 1116 2093 1257 2125; x_wconf 86' lang='lat' dir='ltr'>potenter</span> <span class='ocrx_word' id='word_1_280' title='bbox 1278 2089 1428 2117; x_wconf 83' lang='lat' dir='ltr'>distructa</span> <span class='ocrx_word' id='word_1_281' title='bbox 1449 2089 1480 2116; x_wconf 81' lang='grc' dir='ltr'>Β.</span> <span class='ocrx_word' id='word_1_282' title='bbox 1601 2098 1630 2122; x_wconf 83' lang='lat'>4.</span> <span class='ocrx_word' id='word_1_283' title='bbox 1653 2089 1689 2116; x_wconf 84' lang='lat' dir='ltr'>ad</span> <span class='ocrx_word' id='word_1_284' title='bbox 1712 2098 1731 2121; x_wconf 72' lang='lat'>4</span> <span class='ocrx_word' id='word_1_285' title='bbox 1751 2090 1780 2117; x_wconf 85' lang='lat' dir='ltr'>in</span> 
     </span>
     <span class='ocr_line' id='line_1_35' title="bbox 467 2123 1781 2159; baseline 0.002 -10"><span class='ocrx_word' id='word_1_286' title='bbox 467 2131 590 2159; x_wconf 61' lang='lat' dir='ltr'>marg:</span> <span class='ocrx_word' id='word_1_287' title='bbox 615 2123 768 2150; x_wconf 84' lang='lat' dir='ltr'>sufficeret</span> <span class='ocrx_word' id='word_1_288' title='bbox 795 2123 875 2151; x_wconf 82' lang='lat' dir='ltr'>fideli</span> <span class='ocrx_word' id='word_1_289' title='bbox 903 2124 987 2158; x_wconf 78' lang='lat' dir='ltr'>quid.</span> <span class='ocrx_word' id='word_1_290' title='bbox 1088 2124 1112 2151; x_wconf 88' lang='lat'>5.</span> <span class='ocrx_word' id='word_1_291' title='bbox 1140 2129 1264 2151; x_wconf 87' lang='lat' dir='ltr'>actuum</span> <span class='ocrx_word' id='word_1_292' title='bbox 1286 2124 1349 2151; x_wconf 75' lang='lat' dir='ltr'>DE.</span> <span class='ocrx_word' id='word_1_293' title='bbox 1447 2125 1475 2151; x_wconf 81' lang='lat'>6.</span> <span class='ocrx_word' id='word_1_294' title='bbox 1498 2132 1622 2151; x_wconf 88' lang='lat' dir='ltr'>nomem</span> <span class='ocrx_word' id='word_1_295' title='bbox 1644 2124 1725 2151; x_wconf 86' lang='lat' dir='ltr'>aliud</span> <span class='ocrx_word' id='word_1_296' title='bbox 1748 2124 1781 2152; x_wconf 90' lang='lat' dir='ltr'>C.</span> 
     </span>
     <span class='ocr_line' id='line_1_36' title="bbox 468 2157 1780 2194; baseline 0.002 -10"><span class='ocrx_word' id='word_1_297' title='bbox 468 2166 494 2192; x_wconf 90' lang='lat'>7.</span> <span class='ocrx_word' id='word_1_298' title='bbox 517 2158 635 2185; x_wconf 87' lang='lat' dir='ltr'>domini</span> <span class='ocrx_word' id='word_1_299' title='bbox 657 2157 754 2185; x_wconf 82' lang='lat' dir='ltr'>nostri</span> <span class='ocrx_word' id='word_1_300' title='bbox 776 2158 817 2191; x_wconf 88' lang='lat' dir='ltr'>C;</span> <span class='ocrx_word' id='word_1_301' title='bbox 844 2158 882 2185; x_wconf 77' lang='lat' dir='ltr'>ih.</span> <span class='ocrx_word' id='word_1_302' title='bbox 902 2158 973 2185; x_wconf 82' lang='lat' dir='ltr'>Jesu</span> <span class='ocrx_word' id='word_1_303' title='bbox 994 2159 1079 2186; x_wconf 85' lang='lat' dir='ltr'>deest</span> <span class='ocrx_word' id='word_1_304' title='bbox 1101 2159 1132 2185; x_wconf 82' lang='grc' dir='ltr'>Β.</span> <span class='ocrx_word' id='word_1_305' title='bbox 1250 2166 1266 2193; x_wconf 83' lang='lat'>9</span> <span class='ocrx_word' id='word_1_306' title='bbox 1300 2167 1385 2186; x_wconf 85' lang='lat' dir='ltr'>mors</span> <span class='ocrx_word' id='word_1_307' title='bbox 1406 2159 1546 2194; x_wconf 79' lang='lat' dir='ltr'>preciosa</span> <span class='ocrx_word' id='word_1_308' title='bbox 1567 2159 1597 2186; x_wconf 86' lang='lat' dir='ltr'>in</span> <span class='ocrx_word' id='word_1_309' title='bbox 1618 2167 1721 2190; x_wconf 62' lang='lat' dir='ltr'>marg.</span> <span class='ocrx_word' id='word_1_310' title='bbox 1745 2159 1780 2187; x_wconf 89' lang='lat' dir='ltr'>C.</span> 
     </span>
     <span class='ocr_line' id='line_1_37' title="bbox 470 2191 1781 2228; baseline 0.001 -9"><span class='ocrx_word' id='word_1_311' title='bbox 470 2200 507 2225; x_wconf 82' lang='lat'>12,</span> <span class='ocrx_word' id='word_1_312' title='bbox 531 2191 566 2219; x_wconf 82' lang='lat'>13.</span> <span class='ocrx_word' id='word_1_313' title='bbox 589 2200 717 2225; x_wconf 61' lang='lat' dir='ltr'>regnum</span> <span class='ocrx_word' id='word_1_314' title='bbox 738 2198 879 2220; x_wconf 87' lang='lat' dir='ltr'>nostrum</span> <span class='ocrx_word' id='word_1_315' title='bbox 901 2197 1005 2228; x_wconf 79' lang='lat' dir='ltr'>posset</span> <span class='ocrx_word' id='word_1_316' title='bbox 1026 2193 1060 2221; x_wconf 92' lang='lat' dir='ltr'>C.</span> <span class='ocrx_word' id='word_1_317' title='bbox 1170 2192 1207 2221; x_wconf 84' lang='lat'>13.</span> <span class='ocrx_word' id='word_1_318' title='bbox 1230 2193 1354 2221; x_wconf 84' lang='lat' dir='ltr'>cuilibet</span> <span class='ocrx_word' id='word_1_319' title='bbox 1374 2194 1405 2220; x_wconf 87' lang='lat' dir='ltr'>B.</span> <span class='ocrx_word' id='word_1_320' title='bbox 1522 2202 1563 2225; x_wconf 83' lang='lat'>14.</span> <span class='ocrx_word' id='word_1_321' title='bbox 1586 2194 1664 2220; x_wconf 85' lang='lat' dir='ltr'>sicut</span> <span class='ocrx_word' id='word_1_322' title='bbox 1684 2193 1781 2226; x_wconf 85' lang='lat' dir='ltr'>CDE;</span> 
     </span>
     <span class='ocr_line' id='line_1_38' title="bbox 467 2220 1781 2263; baseline 0.002 -10"><span class='ocrx_word' id='word_1_323' title='bbox 467 2227 508 2253; x_wconf 83' lang='lat' dir='ltr'>ib.</span> <span class='ocrx_word' id='word_1_324' title='bbox 542 2220 646 2254; x_wconf 85' lang='lat' dir='ltr'>debuit</span> <span class='ocrx_word' id='word_1_325' title='bbox 678 2227 781 2254; x_wconf 88' lang='lat' dir='ltr'>debuit</span> <span class='ocrx_word' id='word_1_326' title='bbox 812 2229 850 2254; x_wconf 91' lang='lat' dir='ltr'>A.</span> <span class='ocrx_word' id='word_1_327' title='bbox 966 2228 1007 2255; x_wconf 81' lang='lat'>16.</span> <span class='ocrx_word' id='word_1_328' title='bbox 1041 2227 1228 2263; x_wconf 83' lang='lat' dir='ltr'>perfectione</span> <span class='ocrx_word' id='word_1_329' title='bbox 1260 2227 1322 2255; x_wconf 82' lang='lat' dir='ltr'>DE.</span> <span class='ocrx_word' id='word_1_330' title='bbox 1437 2236 1476 2263; x_wconf 90' lang='lat'>17.</span> <span class='ocrx_word' id='word_1_331' title='bbox 1508 2228 1716 2256; x_wconf 84' lang='lat' dir='ltr'>institucionis</span> <span class='ocrx_word' id='word_1_332' title='bbox 1750 2229 1781 2255; x_wconf 81' lang='grc' dir='ltr'>Β.</span> 
     </span>
     <span class='ocr_line' id='line_1_39' title="bbox 468 2260 1781 2302; baseline 0.001 -14"><span class='ocrx_word' id='word_1_333' title='bbox 468 2260 508 2288; x_wconf 84' lang='grc'>18.</span> <span class='ocrx_word' id='word_1_334' title='bbox 542 2262 723 2289; x_wconf 77' lang='lat' dir='ltr'>obediencia</span> <span class='ocrx_word' id='word_1_335' title='bbox 754 2270 825 2288; x_wconf 86' lang='lat' dir='ltr'>vera</span> <span class='ocrx_word' id='word_1_336' title='bbox 857 2262 981 2297; x_wconf 86' lang='lat' dir='ltr'>quando</span> <span class='ocrx_word' id='word_1_337' title='bbox 1014 2267 1094 2289; x_wconf 83' lang='lat' dir='ltr'>esset</span> <span class='ocrx_word' id='word_1_338' title='bbox 1125 2263 1155 2289; x_wconf 85' lang='lat' dir='ltr'>in</span> <span class='ocrx_word' id='word_1_339' title='bbox 1187 2270 1290 2299; x_wconf 75' lang='lat' dir='ltr'>marg.</span> <span class='ocrx_word' id='word_1_340' title='bbox 1321 2262 1355 2290; x_wconf 95' lang='lat' dir='ltr'>C.</span> <span class='ocrx_word' id='word_1_341' title='bbox 1500 2271 1542 2298; x_wconf 82' lang='lat'>19.</span> <span class='ocrx_word' id='word_1_342' title='bbox 1574 2263 1710 2302; x_wconf 75' lang='lat' dir='ltr'>salutans</span> <span class='ocrx_word' id='word_1_343' title='bbox 1742 2262 1781 2296; x_wconf 83' lang='lat' dir='ltr'>E;</span> 
     </span>
     <span class='ocr_line' id='line_1_40' title="bbox 468 2318 1781 2356; baseline 0.002 -11"><span class='ocrx_word' id='word_1_344' title='bbox 468 2318 507 2345; x_wconf 81' lang='lat' dir='ltr'>ib.</span> <span class='ocrx_word' id='word_1_345' title='bbox 530 2319 666 2354; x_wconf 85' lang='lat' dir='ltr'>priorem</span> <span class='ocrx_word' id='word_1_346' title='bbox 688 2319 880 2347; x_wconf 86' lang='lat' dir='ltr'>blasfemiam</span> <span class='ocrx_word' id='word_1_347' title='bbox 903 2319 943 2351; x_wconf 82' lang='lat' dir='ltr'>C;</span> <span class='ocrx_word' id='word_1_348' title='bbox 971 2320 1164 2347; x_wconf 83' lang='lat' dir='ltr'>blasfemiam</span> <span class='ocrx_word' id='word_1_349' title='bbox 1187 2320 1323 2355; x_wconf 86' lang='lat' dir='ltr'>priorem</span> <span class='ocrx_word' id='word_1_350' title='bbox 1345 2320 1407 2347; x_wconf 84' lang='lat' dir='ltr'>DE.</span> <span class='ocrx_word' id='word_1_351' title='bbox 1500 2328 1539 2348; x_wconf 86' lang='lat'>21.</span> <span class='ocrx_word' id='word_1_352' title='bbox 1562 2321 1781 2356; x_wconf 77' lang='lat' dir='ltr'>regiminibus;</span> 
     </span>
     <span class='ocr_line' id='line_1_41' title="bbox 468 2354 1780 2390; baseline 0.002 -10"><span class='ocrx_word' id='word_1_353' title='bbox 468 2361 552 2380; x_wconf 84' lang='lat' dir='ltr'>corr.</span> <span class='ocrx_word' id='word_1_354' title='bbox 574 2354 604 2381; x_wconf 84' lang='lat' dir='ltr'>in</span> <span class='ocrx_word' id='word_1_355' title='bbox 625 2362 727 2390; x_wconf 72' lang='lat' dir='ltr'>marg.</span> <span class='ocrx_word' id='word_1_356' title='bbox 748 2355 792 2385; x_wconf 89' lang='lat' dir='ltr'>A;</span> <span class='ocrx_word' id='word_1_357' title='bbox 819 2354 858 2381; x_wconf 79' lang='lat' dir='ltr'>ib.</span> <span class='ocrx_word' id='word_1_358' title='bbox 881 2359 949 2381; x_wconf 83' lang='lat' dir='ltr'>ante</span> <span class='ocrx_word' id='word_1_359' title='bbox 970 2363 1003 2381; x_wconf 88' lang='lat' dir='ltr'>ea</span> <span class='ocrx_word' id='word_1_360' title='bbox 1023 2354 1121 2389; x_wconf 81' lang='lat' dir='ltr'>ACE;</span> <span class='ocrx_word' id='word_1_361' title='bbox 1150 2355 1189 2382; x_wconf 61' lang='lat' dir='ltr'>ily.</span> <span class='ocrx_word' id='word_1_362' title='bbox 1212 2360 1350 2382; x_wconf 80' lang='lat' dir='ltr'>ammoto</span> <span class='ocrx_word' id='word_1_363' title='bbox 1370 2356 1408 2382; x_wconf 81' lang='lat' dir='ltr'>A.</span> <span class='ocrx_word' id='word_1_364' title='bbox 1489 2362 1531 2382; x_wconf 82' lang='lat'>22.</span> <span class='ocrx_word' id='word_1_365' title='bbox 1553 2356 1667 2382; x_wconf 85' lang='lat' dir='ltr'>diaboli</span> <span class='ocrx_word' id='word_1_366' title='bbox 1688 2360 1716 2382; x_wconf 88' lang='lat' dir='ltr'>et</span> <span class='ocrx_word' id='word_1_367' title='bbox 1735 2357 1780 2389; x_wconf 78' lang='lat' dir='ltr'>A;</span> 
     </span>
     <span class='ocr_line' id='line_1_42' title="bbox 468 2388 1780 2427; baseline 0.002 -13"><span class='ocrx_word' id='word_1_368' title='bbox 468 2388 592 2423; x_wconf 88' lang='lat' dir='ltr'>dyaboli</span> <span class='ocrx_word' id='word_1_369' title='bbox 613 2388 675 2415; x_wconf 88' lang='lat' dir='ltr'>DE.</span> <span class='ocrx_word' id='word_1_370' title='bbox 759 2388 801 2416; x_wconf 84' lang='lat'>23.</span> <span class='ocrx_word' id='word_1_371' title='bbox 824 2389 943 2416; x_wconf 74' lang='lat' dir='ltr'>mixtim</span> <span class='ocrx_word' id='word_1_372' title='bbox 966 2389 1008 2423; x_wconf 70' lang='lat' dir='ltr'>D3</span> <span class='ocrx_word' id='word_1_373' title='bbox 1036 2397 1118 2417; x_wconf 84' lang='lat' dir='ltr'>corr.</span> <span class='ocrx_word' id='word_1_374' title='bbox 1141 2390 1173 2416; x_wconf 76' lang='lat' dir='ltr'>E.</span> <span class='ocrx_word' id='word_1_375' title='bbox 1254 2398 1300 2423; x_wconf 70' lang='lat'>24.</span> <span class='ocrx_word' id='word_1_376' title='bbox 1324 2390 1492 2424; x_wconf 82' lang='lat' dir='ltr'>prohibens</span> <span class='ocrx_word' id='word_1_377' title='bbox 1512 2391 1605 2417; x_wconf 88' lang='lat' dir='ltr'>istum</span> <span class='ocrx_word' id='word_1_378' title='bbox 1627 2391 1657 2417; x_wconf 79' lang='lat' dir='ltr'>in</span> <span class='ocrx_word' id='word_1_379' title='bbox 1679 2399 1780 2427; x_wconf 79' lang='lat' dir='ltr'>marg.</span> 
     </span>
     <span class='ocr_line' id='line_1_43' title="bbox 468 2423 1777 2459; baseline 0.002 -10"><span class='ocrx_word' id='word_1_380' title='bbox 468 2423 628 2458; x_wconf 82' lang='lat' dir='ltr'>superiori</span> <span class='ocrx_word' id='word_1_381' title='bbox 645 2423 715 2450; x_wconf 81' lang='lat' dir='ltr'>add.</span> <span class='ocrx_word' id='word_1_382' title='bbox 771 2424 818 2450; x_wconf 81' lang='lat'>26.</span> <span class='ocrx_word' id='word_1_383' title='bbox 841 2425 1006 2450; x_wconf 85' lang='lat' dir='ltr'>accendere</span> <span class='ocrx_word' id='word_1_384' title='bbox 1026 2432 1109 2451; x_wconf 83' lang='lat' dir='ltr'>corr.</span> <span class='ocrx_word' id='word_1_385' title='bbox 1130 2432 1168 2451; x_wconf 82' lang='lat' dir='ltr'>ex</span> <span class='ocrx_word' id='word_1_386' title='bbox 1187 2424 1351 2451; x_wconf 82' lang='lat' dir='ltr'>ascendere</span> <span class='ocrx_word' id='word_1_387' title='bbox 1369 2424 1403 2451; x_wconf 85' lang='lat' dir='ltr'>E.</span> <span class='ocrx_word' id='word_1_388' title='bbox 1460 2424 1506 2459; x_wconf 78' lang='lat'>26,</span> <span class='ocrx_word' id='word_1_389' title='bbox 1528 2431 1571 2459; x_wconf 87' lang='lat'>27.</span> <span class='ocrx_word' id='word_1_390' title='bbox 1593 2425 1777 2452; x_wconf 86' lang='lat' dir='ltr'>clericorum</span> 
     </span>
     <span class='ocr_line' id='line_1_44' title="bbox 469 2457 1728 2496; baseline 0.002 -12"><span class='ocrx_word' id='word_1_391' title='bbox 469 2461 496 2483; x_wconf 87' lang='lat' dir='ltr'>et</span> <span class='ocrx_word' id='word_1_392' title='bbox 516 2458 703 2492; x_wconf 85' lang='lat' dir='ltr'>prelatorum</span> <span class='ocrx_word' id='word_1_393' title='bbox 725 2457 813 2485; x_wconf 86' lang='lat' dir='ltr'><strong>CDE.</strong></span> <span class='ocrx_word' id='word_1_394' title='bbox 886 2458 933 2485; x_wconf 73' lang='lat'>28.</span> <span class='ocrx_word' id='word_1_395' title='bbox 955 2459 1198 2486; x_wconf 86' lang='lat' dir='ltr'>conswetudinis</span> <span class='ocrx_word' id='word_1_396' title='bbox 1218 2458 1259 2493; x_wconf 84' lang='lat' dir='ltr'>E;</span> <span class='ocrx_word' id='word_1_397' title='bbox 1286 2459 1326 2486; x_wconf 77' lang='lat' dir='ltr'>ib.</span> <span class='ocrx_word' id='word_1_398' title='bbox 1348 2459 1442 2486; x_wconf 84' lang='lat' dir='ltr'>abuse</span> <span class='ocrx_word' id='word_1_399' title='bbox 1462 2459 1493 2486; x_wconf 89' lang='lat' dir='ltr'>in</span> <span class='ocrx_word' id='word_1_400' title='bbox 1514 2467 1615 2496; x_wconf 74' lang='lat' dir='ltr'>marg.</span> <span class='ocrx_word' id='word_1_401' title='bbox 1638 2459 1728 2487; x_wconf 89' lang='lat' dir='ltr'><strong>CDE.</strong></span> 
     </span>
    </p>
   </div>
   <div class='ocr_carea' id='block_1_22' title="bbox 470 2529 1786 2897">
    <p class='ocr_par' dir='ltr' id='par_1_22' title="bbox 470 2529 1786 2897">
     <span class='ocr_line' id='line_1_45' title="bbox 545 2529 1780 2572; baseline 0.003 -13"><span class='ocrx_word' id='word_1_402' title='bbox 545 2540 571 2568; x_wconf 92' lang='lat'>1,</span> <span class='ocrx_word' id='word_1_403' title='bbox 593 2538 622 2560; x_wconf 86' lang='lat'>2.</span> <span class='ocrx_word' id='word_1_404' title='bbox 651 2529 704 2561; x_wconf 89' lang='lat' dir='ltr'>De</span> <span class='ocrx_word' id='word_1_405' title='bbox 730 2529 935 2562; x_wconf 84' lang='lat' dir='ltr'>necessitate</span> <span class='ocrx_word' id='word_1_406' title='bbox 961 2530 1097 2562; x_wconf 79' lang='lat' dir='ltr'>salutis.</span> <span class='ocrx_word' id='word_1_407' title='bbox 1125 2530 1152 2561; x_wconf 89' lang='lat' dir='ltr'>It</span> <span class='ocrx_word' id='word_1_408' title='bbox 1178 2531 1206 2561; x_wconf 85' lang='lat' dir='ltr'>is</span> <span class='ocrx_word' id='word_1_409' title='bbox 1232 2531 1312 2562; x_wconf 86' lang='lat' dir='ltr'>well</span> <span class='ocrx_word' id='word_1_410' title='bbox 1339 2537 1373 2562; x_wconf 91' lang='lat' dir='ltr'>to</span> <span class='ocrx_word' id='word_1_411' title='bbox 1400 2532 1516 2563; x_wconf 87' lang='lat' dir='ltr'>notice</span> <span class='ocrx_word' id='word_1_412' title='bbox 1534 2530 1632 2563; x_wconf 88' lang='lat' dir='ltr'>these</span> <span class='ocrx_word' id='word_1_413' title='bbox 1651 2533 1780 2572; x_wconf 77' lang='lat' dir='ltr'>words,</span> 
     </span>
     <span class='ocr_line' id='line_1_46' title="bbox 471 2574 1781 2619; baseline 0.004 -14"><span class='ocrx_word' id='word_1_414' title='bbox 471 2574 525 2605; x_wconf 87' lang='lat' dir='ltr'>for</span> <span class='ocrx_word' id='word_1_415' title='bbox 549 2574 607 2606; x_wconf 85' lang='lat' dir='ltr'>the</span> <span class='ocrx_word' id='word_1_416' title='bbox 633 2581 764 2607; x_wconf 86' lang='lat' dir='ltr'>torrent</span> <span class='ocrx_word' id='word_1_417' title='bbox 795 2575 834 2607; x_wconf 92' lang='lat' dir='ltr'>of</span> <span class='ocrx_word' id='word_1_418' title='bbox 856 2576 1017 2619; x_wconf 87' lang='lat' dir='ltr'>Wyclif&#39;s</span> <span class='ocrx_word' id='word_1_419' title='bbox 1053 2577 1243 2608; x_wconf 86' lang='lat' dir='ltr'>invectives</span> <span class='ocrx_word' id='word_1_420' title='bbox 1275 2578 1410 2618; x_wconf 85' lang='lat' dir='ltr'>against</span> <span class='ocrx_word' id='word_1_421' title='bbox 1434 2577 1493 2609; x_wconf 86' lang='lat' dir='ltr'>the</span> <span class='ocrx_word' id='word_1_422' title='bbox 1520 2579 1585 2610; x_wconf 85' lang='lat' dir='ltr'>See</span> <span class='ocrx_word' id='word_1_423' title='bbox 1609 2578 1649 2609; x_wconf 88' lang='lat' dir='ltr'>of</span> <span class='ocrx_word' id='word_1_424' title='bbox 1670 2579 1781 2610; x_wconf 88' lang='lat' dir='ltr'>Rome</span> 
     </span>
     <span class='ocr_line' id='line_1_47' title="bbox 470 2620 1782 2665; baseline 0.003 -13"><span class='ocrx_word' id='word_1_425' title='bbox 470 2620 582 2663; x_wconf 87' lang='lat' dir='ltr'>might</span> <span class='ocrx_word' id='word_1_426' title='bbox 606 2621 683 2653; x_wconf 88' lang='lat' dir='ltr'>lead</span> <span class='ocrx_word' id='word_1_427' title='bbox 711 2632 751 2653; x_wconf 87' lang='lat' dir='ltr'>us</span> <span class='ocrx_word' id='word_1_428' title='bbox 777 2629 812 2653; x_wconf 89' lang='lat' dir='ltr'>to</span> <span class='ocrx_word' id='word_1_429' title='bbox 839 2623 985 2654; x_wconf 87' lang='lat' dir='ltr'>mistake</span> <span class='ocrx_word' id='word_1_430' title='bbox 1010 2622 1064 2654; x_wconf 87' lang='lat' dir='ltr'>his</span> <span class='ocrx_word' id='word_1_431' title='bbox 1090 2623 1253 2664; x_wconf 86' lang='lat' dir='ltr'>position.</span> <span class='ocrx_word' id='word_1_432' title='bbox 1281 2623 1388 2655; x_wconf 88' lang='lat' dir='ltr'>What</span> <span class='ocrx_word' id='word_1_433' title='bbox 1405 2623 1448 2655; x_wconf 87' lang='lat' dir='ltr'>he</span> <span class='ocrx_word' id='word_1_434' title='bbox 1468 2624 1601 2665; x_wconf 88' lang='lat' dir='ltr'>objects</span> <span class='ocrx_word' id='word_1_435' title='bbox 1620 2631 1655 2656; x_wconf 90' lang='lat' dir='ltr'>to</span> <span class='ocrx_word' id='word_1_436' title='bbox 1675 2625 1703 2656; x_wconf 90' lang='lat' dir='ltr'>is</span> <span class='ocrx_word' id='word_1_437' title='bbox 1722 2632 1782 2656; x_wconf 89' lang='lat' dir='ltr'>not</span> 
     </span>
     <span class='ocr_line' id='line_1_48' title="bbox 471 2667 1786 2711; baseline 0.003 -13"><span class='ocrx_word' id='word_1_438' title='bbox 471 2677 509 2698; x_wconf 92' lang='lat' dir='ltr'>so</span> <span class='ocrx_word' id='word_1_439' title='bbox 537 2667 639 2698; x_wconf 86' lang='lat' dir='ltr'>much</span> <span class='ocrx_word' id='word_1_440' title='bbox 665 2667 723 2699; x_wconf 89' lang='lat' dir='ltr'>the</span> <span class='ocrx_word' id='word_1_441' title='bbox 749 2669 942 2700; x_wconf 88' lang='lat' dir='ltr'>obedience</span> <span class='ocrx_word' id='word_1_442' title='bbox 967 2669 1070 2711; x_wconf 84' lang='lat' dir='ltr'>given</span> <span class='ocrx_word' id='word_1_443' title='bbox 1095 2675 1130 2700; x_wconf 90' lang='lat' dir='ltr'>to</span> <span class='ocrx_word' id='word_1_444' title='bbox 1149 2668 1206 2701; x_wconf 89' lang='lat' dir='ltr'>the</span> <span class='ocrx_word' id='word_1_445' title='bbox 1225 2670 1361 2702; x_wconf 85' lang='lat' dir='ltr'>Roman</span> <span class='ocrx_word' id='word_1_446' title='bbox 1381 2670 1512 2702; x_wconf 84' lang='lat' dir='ltr'>Pontiff</span> <span class='ocrx_word' id='word_1_447' title='bbox 1532 2681 1568 2702; x_wconf 90' lang='lat' dir='ltr'>as</span> <span class='ocrx_word' id='word_1_448' title='bbox 1593 2670 1651 2702; x_wconf 89' lang='lat' dir='ltr'>the</span> <span class='ocrx_word' id='word_1_449' title='bbox 1677 2671 1786 2702; x_wconf 90' lang='lat' dir='ltr'>belief</span> 
     </span>
     <span class='ocr_line' id='line_1_49' title="bbox 470 2712 1780 2758; baseline 0.003 -14"><span class='ocrx_word' id='word_1_450' title='bbox 470 2712 543 2744; x_wconf 88' lang='lat' dir='ltr'>that</span> <span class='ocrx_word' id='word_1_451' title='bbox 561 2714 585 2744; x_wconf 88' lang='lat' dir='ltr'>it</span> <span class='ocrx_word' id='word_1_452' title='bbox 603 2714 630 2745; x_wconf 91' lang='lat' dir='ltr'>is</span> <span class='ocrx_word' id='word_1_453' title='bbox 649 2714 907 2755; x_wconf 86' lang='lat' dir='ltr'>indispensable</span> <span class='ocrx_word' id='word_1_454' title='bbox 926 2715 980 2746; x_wconf 89' lang='lat' dir='ltr'>for</span> <span class='ocrx_word' id='word_1_455' title='bbox 997 2716 1176 2747; x_wconf 87' lang='lat' dir='ltr'>salvation.</span> <span class='ocrx_word' id='word_1_456' title='bbox 1194 2717 1223 2746; x_wconf 92' lang='lat' dir='ltr'>A</span> <span class='ocrx_word' id='word_1_457' title='bbox 1243 2715 1311 2747; x_wconf 85' lang='lat' dir='ltr'>few</span> <span class='ocrx_word' id='word_1_458' title='bbox 1329 2717 1415 2747; x_wconf 88' lang='lat' dir='ltr'>lines</span> <span class='ocrx_word' id='word_1_459' title='bbox 1435 2716 1575 2756; x_wconf 82' lang='lat' dir='ltr'>further,</span> <span class='ocrx_word' id='word_1_460' title='bbox 1593 2717 1637 2748; x_wconf 87' lang='lat' dir='ltr'>he</span> <span class='ocrx_word' id='word_1_461' title='bbox 1656 2718 1780 2758; x_wconf 87' lang='lat' dir='ltr'>speaks</span> 
     </span>
     <span class='ocr_line' id='line_1_50' title="bbox 471 2759 1780 2805; baseline 0.004 -16"><span class='ocrx_word' id='word_1_462' title='bbox 471 2759 511 2789; x_wconf 88' lang='lat' dir='ltr'>of</span> <span class='ocrx_word' id='word_1_463' title='bbox 533 2760 692 2800; x_wconf 85' lang='lat' dir='ltr'>England</span> <span class='ocrx_word' id='word_1_464' title='bbox 720 2760 873 2803; x_wconf 80' lang='lat' dir='ltr'>obeying</span> <span class='ocrx_word' id='word_1_465' title='bbox 897 2771 963 2804; x_wconf 89' lang='lat' dir='ltr'>any</span> <span class='ocrx_word' id='word_1_466' title='bbox 983 2771 1050 2793; x_wconf 91' lang='lat' dir='ltr'>one</span> <span class='ocrx_word' id='word_1_467' title='bbox 1069 2761 1149 2793; x_wconf 86' lang='lat' dir='ltr'>who</span> <span class='ocrx_word' id='word_1_468' title='bbox 1168 2761 1293 2793; x_wconf 89' lang='lat' dir='ltr'>should</span> <span class='ocrx_word' id='word_1_469' title='bbox 1312 2762 1355 2793; x_wconf 85' lang='lat' dir='ltr'>be</span> <span class='ocrx_word' id='word_1_470' title='bbox 1373 2763 1463 2805; x_wconf 74' lang='lat' dir='ltr'>truly</span> <span class='ocrx_word' id='word_1_471' title='bbox 1482 2763 1589 2794; x_wconf 87' lang='lat' dir='ltr'>found</span> <span class='ocrx_word' id='word_1_472' title='bbox 1608 2770 1643 2794; x_wconf 90' lang='lat' dir='ltr'>to</span> <span class='ocrx_word' id='word_1_473' title='bbox 1662 2764 1704 2794; x_wconf 88' lang='lat' dir='ltr'>be</span> <span class='ocrx_word' id='word_1_474' title='bbox 1722 2763 1780 2795; x_wconf 84' lang='lat' dir='ltr'>the</span> 
     </span>
     <span class='ocr_line' id='line_1_51' title="bbox 472 2805 1780 2849; baseline 0.005 -15"><span class='ocrx_word' id='word_1_475' title='bbox 472 2805 564 2835; x_wconf 86' lang='lat' dir='ltr'>vicar</span> <span class='ocrx_word' id='word_1_476' title='bbox 578 2805 618 2835; x_wconf 83' lang='lat' dir='ltr'>of</span> <span class='ocrx_word' id='word_1_477' title='bbox 630 2805 755 2836; x_wconf 81' lang='lat' dir='ltr'>Christ.</span> <span class='ocrx_word' id='word_1_478' title='bbox 844 2817 892 2849; x_wconf 75' lang='lat'>¹9·</span> <span class='ocrx_word' id='word_1_479' title='bbox 909 2810 935 2838; x_wconf 85' lang='lat' dir='ltr'><em>A</em></span> <span class='ocrx_word' id='word_1_480' title='bbox 952 2818 1019 2848; x_wconf 79' lang='lat' dir='ltr'>qua</span> <span class='ocrx_word' id='word_1_481' title='bbox 1036 2807 1186 2839; x_wconf 81' lang='lat' dir='ltr'>saltans.</span> <span class='ocrx_word' id='word_1_482' title='bbox 1201 2808 1287 2839; x_wconf 84' lang='lat' dir='ltr'>This</span> <span class='ocrx_word' id='word_1_483' title='bbox 1303 2819 1416 2839; x_wconf 81' lang='lat' dir='ltr'>seems</span> <span class='ocrx_word' id='word_1_484' title='bbox 1434 2816 1469 2839; x_wconf 90' lang='lat' dir='ltr'>to</span> <span class='ocrx_word' id='word_1_485' title='bbox 1489 2809 1530 2840; x_wconf 87' lang='lat' dir='ltr'>be</span> <span class='ocrx_word' id='word_1_486' title='bbox 1550 2819 1567 2840; x_wconf 91' lang='lat' dir='ltr'>a</span> <span class='ocrx_word' id='word_1_487' title='bbox 1586 2810 1780 2841; x_wconf 79' lang='lat' dir='ltr'>somewhat</span> 
     </span>
     <span class='ocr_line' id='line_1_52' title="bbox 473 2852 1732 2897; baseline 0.004 -16"><span class='ocrx_word' id='word_1_488' title='bbox 473 2852 621 2882; x_wconf 87' lang='lat' dir='ltr'>strained</span> <span class='ocrx_word' id='word_1_489' title='bbox 650 2852 841 2893; x_wconf 75' lang='lat' dir='ltr'>metaphor,</span> <span class='ocrx_word' id='word_1_490' title='bbox 869 2854 1074 2895; x_wconf 85' lang='lat' dir='ltr'>amounting</span> <span class='ocrx_word' id='word_1_491' title='bbox 1099 2860 1134 2884; x_wconf 91' lang='lat' dir='ltr'>to</span> <span class='ocrx_word' id='word_1_492' title='bbox 1161 2853 1219 2885; x_wconf 87' lang='lat' dir='ltr'>the</span> <span class='ocrx_word' id='word_1_493' title='bbox 1244 2854 1391 2895; x_wconf 85' lang='lat' dir='ltr'>English</span> <span class='ocrx_word' id='word_1_494' title='bbox 1419 2855 1594 2897; x_wconf 83' lang='lat' dir='ltr'>‘breaking</span> <span class='ocrx_word' id='word_1_495' title='bbox 1620 2855 1732 2886; x_wconf 90' lang='lat' dir='ltr'>from&#39;.</span> 
     </span>
    </p>
   </div>
   <div class='ocr_carea' id='block_1_23' title="bbox 1802 559 1919 643">
    <p class='ocr_par' dir='ltr' id='par_1_23' title="bbox 1802 559 1919 643">
     <span class='ocr_line' id='line_1_53' title="bbox 1822 559 1897 588; baseline 0.013 -1"><span class='ocrx_word' id='word_1_496' title='bbox 1822 559 1897 588; x_wconf 83' lang='lat' dir='ltr'>Act.</span> 
     </span>
     <span class='ocr_line' id='line_1_54' title="bbox 1802 603 1919 643; baseline 0.017 -11"><span class='ocrx_word' id='word_1_497' title='bbox 1802 603 1858 643; x_wconf 87' lang='lat' dir='ltr'>lV,</span> <span class='ocrx_word' id='word_1_498' title='bbox 1883 613 1919 634; x_wconf 83' lang='lat'>12</span> 
     </span>
    </p>
   </div>
   <div class='ocr_carea' id='block_1_24' title="bbox 1818 763 1859 785">
    <p class='ocr_par' dir='ltr' id='par_1_24' title="bbox 1818 763 1859 785">
     <span class='ocr_line' id='line_1_55' title="bbox 1818 763 1859 785; baseline -0.024 0"><span class='ocrx_word' id='word_1_499' title='bbox 1818 763 1859 785; x_wconf 70' lang='lat'>30</span> 
     </span>
    </p>
   </div>
   <div class='ocr_carea' id='block_1_25' title="bbox 1799 879 1837 899">
    <p class='ocr_par' dir='ltr' id='par_1_25' title="bbox 1799 879 1837 899">
     <span class='ocr_line' id='line_1_56' title="bbox 1799 879 1837 899; baseline 0 0"><span class='ocrx_word' id='word_1_500' title='bbox 1799 879 1837 899; x_wconf 96' lang='lat' dir='ltr'>IO</span> 
     </span>
    </p>
   </div>
   <div class='ocr_carea' id='block_1_26' title="bbox 1799 1458 1840 1479">
    <p class='ocr_par' dir='ltr' id='par_1_26' title="bbox 1799 1458 1840 1479">
     <span class='ocr_line' id='line_1_57' title="bbox 1799 1458 1840 1479; baseline 0.024 -1"><span class='ocrx_word' id='word_1_501' title='bbox 1799 1458 1840 1479; x_wconf 89' lang='lat'>20</span> 
     </span>
    </p>
   </div>
  </div>
 </body>
</html>
