2067 3298
309 255 398 283 CAP.
419 255 471 283 vi.
764 258 824 289 DE
852 257 1160 289 sstAAsPHEMIA.
1864 250 1912 296 93

309 364 528 412 spiritualis
590 363 824 410 fornicacio,
889 376 965 412 que
1026 364 1069 400 fit
1122 365 1446 412 quandocunque
1508 376 1627 412 super

309 435 490 458 amorem
556 422 701 459 Christi
767 422 971 458 inducitur
1034 434 1150 458 amor
1208 421 1498 470 temporalium
1561 422 1623 458 vel

308 480 434 517 hostis
462 476 530 516 3cis
560 481 649 529 plus
682 480 819 517 amati.
854 482 902 516 Et
926 480 1034 516 illam
1060 479 1288 516 castitatem
1312 489 1471 516 tenetur
1494 480 1625 516 omnis

309 539 529 575 catholicus
575 540 801 576 observare.
852 541 1057 584 Quantum
1097 539 1147 574 ad
1187 547 1483 587 paupertatem,
1517 547 1628 586 patet
1653 544 1686 571 of
1704 550 1843 585 pomi-ry,
1864 555 1910 574 we

277 596 436 633 ieciam
485 599 591 645 quod
639 596 771 633 omnis
817 598 940 633 homo
994 597 1109 632 debet
1162 609 1245 632 esse
1297 596 1502 632 mendicus
1550 581 1920 649 dei,taeogiiwbivliiffailv

309 656 484 703 petendo
539 667 684 703 panem
747 654 1015 691 cottidianum
1070 654 1253 691 cottidie:
1314 663 1351 691 et
1403 654 1458 690 sic
1512 655 1628 690 debet
1682 636 1911 713 Ἐῑοςέἒῒὲξζὲ]

309 713 533 761 recogitare
555 726 596 749 se
620 726 703 749 esse
727 725 883 749 servum
909 712 1114 758 ballivum,
1140 712 1459 761 dispensatorem
1485 714 1629 748 domus
1653 703 1911 760 temporhlftotds

311 771 385 817 dei,
449 779 485 806 et
544 771 917 808 accommodarium
971 770 1066 817 eius,
1127 770 1253 807 eciam
1313 770 1535 818 imperator
1593 778 1629 806 et
1671 757 1743 791 only
1766 756 1892 791 b³¹¹¹¹¹⁵³

312 837 670 877 quantumcunque
730 842 899 877 magnus
954 829 1139 865 dominus
1192 828 1441 876 temporalis
1507 831 1628 864 Istam

258 899 296 920 10
312 896 445 923 autem
481 887 601 923 fidem
636 889 683 923 de
716 895 957 935 paupertate
990 900 1079 924 cum
1115 886 1194 923 suis
1229 886 1479 935 appendiciis
1513 887 1630 922 debet

229 948 275 979 M.
314 944 527 981 cristianus
559 954 695 981 tenere
729 954 765 981 et
798 946 956 991 docere,
996 947 1064 981 sed
1103 945 1238 993 presul
1271 944 1493 993 potissime.
1540 946 1630 989 Quo
1729 956 1787 994 and
1810 956 1845 983 of

313 1004 363 1039 ad
408 1002 705 1049 obedienciam,
752 1012 862 1051 patet
896 1004 1004 1051 quod
1048 1003 1180 1040 omnis
1220 1003 1433 1039 cristianus
1471 1011 1630 1039 tenetur
1664 989 1912 1053 ἒξξίἶζωζῇξάῐῖο

312 1061 475 1097 obedire
529 1061 693 1098 domino
742 1069 879 1097 nostro
926 1063 1017 1097 Jesu
1067 1061 1212 1107 Cristo,
1266 1073 1355 1097 cum
1409 1060 1458 1096 sit
1511 1048 1925 1122 0³1³Utssl¹¹5¹'³t3-¹¹⁵0,s'‘-³¹'

310 1119 439 1155 tocius
463 1119 640 1156 ecclesie.
677 1119 925 1156 Obediencia
947 1132 1041 1156 vero
1065 1119 1139 1155 sibi
1163 1118 1298 1155 debita
1321 1127 1399 1155 stat
1424 1118 1464 1154 in
1489 1118 1630 1166 imple-
1646 1105 1695 1156 ‘io
1715 1098 1924 1159 ffldssffigssd

258 1176 425 1214 15cione
465 1177 571 1213 illius
610 1179 718 1226 quod
757 1177 841 1225 ipse
882 1179 1048 1214 mandat
1082 1186 1118 1213 et
1152 1177 1337 1214 consulit.
1385 1177 1454 1213 Illa
1496 1185 1629 1213 autem

313 1244 370 1271 est
414 1248 575 1272 summa
620 1235 869 1280 obediencia,
916 1235 999 1271 sine
1044 1248 1124 1284 qua
1170 1247 1408 1283 quecunque
1454 1235 1631 1270 humana

311 1294 414 1329 foret
464 1294 680 1342 superflua,
734 1306 824 1330 cum
870 1293 978 1329 iuxta
1023 1293 1131 1330 dicta
1176 1293 1307 1341 primo
1352 1292 1529 1340 capitulo
1583 1292 1632 1328 sit

312 1351 465 1399 precise
511 1353 558 1388 de
605 1361 718 1388 tanto
763 1351 978 1388 laudabilis
1032 1353 1079 1387 de
1125 1360 1277 1400 quanto
1324 1359 1536 1399 promovet
1581 1351 1632 1386 ad

313 1409 592 1446 obedienciam
626 1411 717 1446 Jesu
756 1409 897 1447 nostri.
937 1411 1036 1446 Cum
1071 1409 1192 1457 igitur
1230 1418 1359 1446 totum
1401 1409 1632 1457 episcopale
1657 1420 1705 1447 ‘1⁴0
1726 1423 1811 1450 teach
1832 1424 1915 1451 them

256 1483 298 1504 20
313 1468 492 1504 officium
526 1477 604 1504 stat
637 1467 676 1504 in
709 1467 969 1504 observancia
1000 1477 1037 1504 et
1068 1468 1255 1504 doctrina
1278 1467 1395 1503 huius
1427 1466 1632 1514 religionis
1647 1456 1926 1528 thtffifissh‘gffffiffst

313 1525 493 1574 triplicis,
517 1539 590 1562 nec
620 1528 785 1562 docetur
817 1526 1019 1563 eficaciter
1050 1526 1126 1562 nisi
1159 1525 1346 1574 primitus
1379 1527 1631 1569 observetur,
1666 1526 1701 1553 be
1723 1527 1817 1555 bener
1837 1529 1909 1555 than

314 1593 424 1632 patet
476 1597 595 1632 quam
650 1584 923 1621 necessarium
968 1593 1025 1620 est
1078 1584 1313 1632 episcopum
1369 1582 1529 1631 disponi
1582 1583 1633 1618 ad
1746 1563 1826 1599 they.

315 1643 618 1679 observanciam
672 1642 789 1678 huius
831 1642 941 1690 legis.
996 1643 1057 1678 Ad
1107 1644 1216 1690 quod
1260 1641 1479 1690 requiritur
1524 1641 1632 1688 quod

316 1700 441 1737 instar
474 1701 594 1737 Cristi
628 1709 664 1737 et
697 1701 974 1749 apostolorum
1009 1700 1058 1736 sit
1092 1713 1331 1749 quocunque
1365 1699 1439 1735 sibi
1473 1699 1633 1735 subdito

260 1762 298 1795 25
318 1758 515 1806 superior.
564 1761 665 1795 Nam
707 1759 822 1795 aliter
854 1759 955 1795 foret
994 1759 1153 1806 ineptus
1192 1760 1243 1795 ad
1278 1759 1505 1795 docendum
1541 1769 1634 1793 suos

319 1817 501 1853 subditos
534 1817 637 1853 hanc
671 1816 911 1853 doctrinam.

376 1876 491 1911 Unde
535 1874 692 1911 videtur
738 1876 845 1923 quod
892 1874 1045 1911 domini
1090 1875 1290 1911 seculares
1340 1874 1396 1910 sic
1449 1874 1634 1909 dotantes
1677 1889 1781 1916 Hence
1804 1890 1901 1916 rulers

318 1946 410 1969 suos
470 1934 724 1981 presbyteros
783 1934 903 1969 stulte
963 1932 1256 1980 dampnificant
1313 1944 1353 1968 se
1413 1940 1450 1967 et
1512 1930 1633 1978 ipsos.
1652 1925 1928 1989 ρηὲἓᾷωξοξῗῆρν

319 1990 585 2038 Indisponunt
601 1991 706 2027 enim
730 1990 837 2038 ipsos
861 1992 911 2027 ad
936 1992 1231 2027 observandum
1256 1990 1374 2026 istam
1399 1988 1633 2037 religionem
1670 1981 1781 2021 rende}-
1802 1990 1919 2029 priests*

262 2048 519 2096 3otriplicem
572 2058 609 2085 et
660 2049 857 2097 populum
911 2048 1129 2085 efficaciter
1181 2049 1428 2093 docendum3
1490 2056 1527 2083 et
1580 2030 1927 2100 sic¹¹¹flf¹yb¹0⁰xss⁶ssngfg¹f¹¹

320 2107 613 2155 dampnificant
665 2106 941 2155 multipliciter
991 2106 1241 2154 semetipsos.
1295 2105 1431 2142 Primo
1476 2105 1516 2141 in
1559 2105 1636 2141 hoc
1668 2122 1755 2162 They
1776 2122 1912 2164 unjustly

320 2167 427 2213 quod
474 2164 748 2201 exhereditant
792 2178 832 2201 se
878 2178 899 2201 a
938 2164 1109 2201 seculari
1144 2164 1324 2201 dominio
1359 2165 1467 2212 quod
1501 2163 1635 2211 presul
1667 2158 1917 2220 ἀθξὲῐῃῖῖζὲῗῗξῑὲ

320 2236 414 2258 suus
447 2222 593 2259 iniuste
632 2232 817 2271 occupat.
853 2225 1039 2259 Secundo
1073 2223 1112 2258 in
1145 2224 1222 2259 hoc
1255 2224 1363 2271 quod
1397 2234 1439 2257 ex
1468 2221 1635 2257 cecitate
1674 2239 1762 2275 They
1784 2215 1903 2266 trouble

321 2283 559 2328 perturbant
605 2294 687 2317 rem
734 2281 951 2329 publicam.
998 2283 1104 2317 Deus
1151 2281 1255 2317 enim
1301 2279 1453 2329 aptavit
1506 2279 1636 2315 medie
1684 2274 1903 2344 υζξξρῇξὲῐξῑω

265 2339 425 2387 35parti
464 2339 629 2376 ecclesie
670 2348 821 2376 certam
861 2352 1091 2375 mensuram
1138 2348 1173 2375 et
1216 2351 1452 2382 numerum,
1499 2346 1536 2373 et
1581 2337 1635 2373 eis
1688 2343 1845 2370 fonctions
1865 2345 1898 2371 ot·

323 2397 600 2445 appropriavit
633 2406 783 2434 certam
819 2410 1048 2433 mensuram
1084 2397 1275 2433 secularis
1315 2395 1496 2432 dominii.
1532 2396 1638 2440 Ideo,
1720 2379 1865 2405 seculars.

324 2468 414 2491 cum
469 2455 725 2504 disrumpunt
777 2456 882 2491 hunc
941 2455 1139 2500 ordinem,
1206 2467 1367 2491 necesse
1421 2462 1478 2489 est
1531 2454 1639 2501 quod

324 2514 525 2550 seculares
571 2513 938 2561 circumpalpitent,
990 2514 1267 2561 perturbando
1312 2511 1538 2549 ecclesiam.
1592 2513 1639 2546 Et
1662 2529 1732 2555 And
1756 2529 1825 2561 they
1846 2529 1929 2556 blind

324 2571 449 2608 tercio
483 2571 523 2607 in
555 2572 631 2608 hoc
664 2572 886 2619 potissime,
921 2573 1029 2620 quod
1063 2580 1220 2608 tantum
1255 2571 1446 2606 blasfeme
1480 2577 1641 2605 cecatur
1673 2561 1919 2626 tiisstpcssiiiiiusno

264 2642 309 2673 40
325 2631 511 2678 populus,
546 2631 653 2678 quod
688 2629 814 2666 credit
846 2630 1108 2677 inpugnando
1131 2628 1435 2665 ordinacionem
1462 2627 1637 2663 divinam
1686 2619 1906 2667 agai'11‹?God⁷}

1680 2669 1750 2702 tliey
1771 2669 1857 2695 think
1878 2673 1908 2695 to

1719 2703 1758 2730 do
1777 2704 1869 2737 good.

395 2764 422 2791 O.
444 2764 674 2799 quottidianum
695 2764 779 2790 omni
802 2764 850 2790 die
871 2763 905 2791 C.
980 2763 1007 2790 8.
1030 2763 1323 2790 accomodacionem
1345 2764 1385 2790 A.
1459 2770 1487 2797 o.
1511 2770 1641 2796 magnus

325 2800 412 2826 deest
429 2799 463 2826 C.
521 2807 562 2832 14,
584 2799 795 2834 complecione
811 2799 845 2826 C.
904 2805 944 2832 19.
960 2798 1167 2825 obediendum
1183 2799 1227 2831 A;
1249 2798 1289 2825 ib.
1306 2797 1397 2824 Cristi
1412 2805 1472 2832 pro
1488 2797 1584 2823 nostri
1601 2797 1640 2830 Βς

327 2857 366 2883 ib.
386 2844 439 2884 ffu
461 2857 543 2884 cristi
566 2856 685 2883 domini
707 2856 804 2894 nostri
826 2856 879 2894 C..
970 2863 1008 2883 21.
1032 2860 1063 2882 nt
1080 2863 1141 2890 pro
1162 2863 1217 2882 nec
1237 2855 1271 2882 C.
1376 2862 1420 2890 27.
1442 2854 1587 2881 docentes
1608 2854 1641 2881 B.

328 2890 372 2918 30.
395 2892 587 2919 edocendum
609 2891 643 2919 C.
716 2890 755 2918 31.
777 2891 814 2918 ht
835 2899 921 2925 prius
942 2890 975 2917 B.
