2067 3298
203 250 276 285 132
924 254 1148 285 JOHANNIS
1175 254 1360 285 WYCMF
1641 250 1729 277 CAP.
1752 250 1801 276 ix.

489 364 592 410 lego,
616 360 937 397 satisfaccionem
963 373 1043 395 non
1067 360 1198 407 lego'‘.
1234 361 1280 395 Et
1304 359 1408 394 idem
1435 358 1647 394 ascribitur
1671 358 1803 394 Criso-

492 430 623 456 stomo
658 421 705 454 de
740 418 981 466 penitencia,
1016 417 1103 454 dist.
1138 431 1167 452 1.
1203 418 1341 452 Lavat.

233 484 439 517 At'terwards,
550 480 604 513 Ex
649 485 751 524 post,
808 476 987 524 inquam,
1042 477 1206 524 quando
1252 475 1483 510 defecerunt
1530 474 1723 510 miracula
1769 483 1806 510 et

200 521 298 595 ὲγρῗῗῗῐ
316 519 477 588 {Qelgffglgs
493 535 656 583 spiritus
695 534 823 570 sancti
864 533 1052 581 accepcio
1092 533 1131 568 in
1171 532 1285 580 signo
1331 531 1521 577 sensibili,
1567 531 1806 568 necessitata

208 587 469 653 ”t'ffgbffiffigliftssff
493 592 565 629 fuit
600 592 769 628 ecclesia
804 604 847 628 ex
879 591 1073 639 religione
1106 590 1203 638 legis
1226 599 1368 627 nature
1392 591 1622 626 sacerdotes
1646 599 1807 626 sanctos
1824 593 1840 625 5

413 645 418 657 γ

279 661 403 687 became
495 651 702 687 consulere
728 650 977 693 confitendo;
1014 658 1056 685 ut
1080 657 1189 696 patet
1213 658 1395 696 tempore
1420 648 1644 696 Augustini,
1680 656 1716 683 et
1741 648 1807 683 diu

230 698 444 763 ἓὲᾗῖῗῇῗῑέοῑῑζ
495 718 598 757 post.
624 709 737 745 Unde
761 708 819 743 lex
843 707 1036 755 predicta,
1063 720 1183 755 quam
1207 706 1354 742 dicitur
1377 706 1639 742 Innocencius
1662 706 1809 742 tercius
1848 711 1886 741 D.

203 764 473 827 conigisziifiiinbut
498 766 753 804 constituisse
777 765 816 801 in
841 765 1099 801 Lateranensi
1133 764 1313 810 consilio,
1348 764 1421 800 fuit
1444 777 1514 812 per
1538 765 1686 800 rnultos
1720 776 1811 800 cen-

222 835 282 861 this
303 841 367 860 was
388 820 462 870 l'ohng
497 834 611 861 tenos
646 836 845 860 annorum
880 833 970 871 post
1004 823 1288 871 Augustinum.
1334 825 1382 858 Et
1415 822 1469 858 ita
1504 823 1700 859 confessio
1735 835 1812 870 que

207 869 475 931 boetssolrleetlldigtgigil?
500 882 637 919 debuit
685 894 769 918 esse
814 894 969 918 summe
1017 881 1258 926 voluntaria,
1304 892 1490 929 perversa
1536 889 1593 917 est
1639 893 1682 917 ex
1729 889 1871 916 arte10

208 936 473 1000 Wffgggssligvffflessv
500 940 694 989 principis
728 939 845 976 huius
881 939 1019 975 mundi
1052 939 1092 975 in
1127 939 1380 976 exaccionem
1422 939 1626 983 servilem;
1672 947 1715 974 ut
1752 939 1813 974 vel

238 991 261 1000 ι’
456 991 556 1035 ”sic
580 1007 715 1047 pateat
738 997 948 1034 luciferina
973 997 1160 1045 potencia
1192 997 1232 1033 in
1254 1010 1372 1045 papa,
1406 998 1554 1033 nedum
1585 998 1813 1033 seducendo

501 1058 561 1093 vel
595 1057 836 1104 captivando
871 1068 1054 1104 corpora,
1090 1057 1158 1091 sed
1192 1055 1346 1092 animas
1379 1055 1645 1091 subditorum.

260 1123 362 1162 There
384 1130 434 1148 are
561 1117 609 1150 Et
642 1115 697 1151 ita
731 1124 787 1151 est
821 1114 964 1162 triplex
988 1113 1216 1162 penitencia
1241 1113 1321 1150 sive
1346 1113 1544 1150 confessio
1568 1112 1812 1161 peccatoris:

219 1157 474 1220 thersegpfsegltiree
504 1172 635 1221 prima
680 1182 737 1208 est
783 1174 923 1208 devote
969 1173 1072 1208 facta
1119 1174 1208 1218 deo,
1262 1184 1383 1219 quam
1430 1171 1583 1208 Cristus
1628 1171 1871 1219 precipit‚1f>

240 1235 458 1290 Οῃῐῖἶθῐζῑῗέἕξῑῐο
505 1232 648 1267 Matth.
677 1231 734 1266 30.
769 1233 817 1266 Et
850 1230 1032 1278 Baptista
1067 1243 1156 1266 cum
1183 1231 1323 1266 eodem
1349 1231 1527 1266 themate
1552 1242 1712 1266 exorsus
1737 1238 1813 1265 est:

256 1297 325 1325 God
347 1297 447 1329 alone,
500 1289 771 1339 penitenciam,
804 1289 946 1336 inquit,
977 1289 1102 1339 agite5
1135 1288 1420 1337 appropinquat
1446 1288 1543 1323 enim
1568 1300 1733 1338 regnum
1756 1300 1815 1323 ce-

506 1348 647 1384 lorum.
694 1349 742 1382 Et
785 1347 926 1382 Matth.
965 1346 1008 1382 30
1048 1346 1219 1395 precipit
1263 1345 1457 1394 phariseis
1492 1347 1634 1394 facere
1679 1346 1819 1396 dignos
1847 1323 1966 1403 Ἧῖῒῖῗ·

216 1413 289 1452 with
310 1417 376 1440 true
395 1406 658 1454 fruitsfructns
685 1405 908 1454 penitencie.
943 1406 1044 1440 Cum
1078 1406 1184 1441 enim
1218 1406 1443 1452 penitencia
1475 1404 1524 1440 sit
1557 1404 1818 1452 displicencia
1909 1396 1952 1410 ⁷-

232 1451 263 1475 ot
284 1452 466 1482 repentance
508 1465 555 1499 de
589 1462 713 1511 priori
745 1462 826 1499 vita
861 1463 966 1498 mala
1000 1475 1090 1499 cum
1124 1471 1263 1499 sancto
1303 1462 1512 1511 proposito
1546 1461 1816 1506 convertendi,
1835 1474 1877 1495 20

508 1529 618 1569 patet
651 1522 760 1569 quod
792 1520 894 1557 sicut
932 1521 1083 1557 fructus
1123 1520 1292 1567 arboris,
1339 1522 1473 1565 herbe,
1518 1521 1579 1556 vel
1617 1529 1721 1556 terre
1763 1529 1819 1556 est

508 1579 605 1615 illud
641 1578 771 1615 carius
804 1578 963 1615 fruibile
996 1580 1103 1627 quod
1137 1578 1319 1626 procedit
1361 1580 1408 1614 de
1441 1578 1722 1623 fructificante,
1763 1577 1819 1614 sic

510 1637 662 1673 fructus
686 1636 913 1684 penitencie
937 1645 993 1672 est
1016 1637 1139 1673 virtus
1162 1636 1332 1673 fruibilis
1356 1646 1393 1672 et
1416 1636 1604 1684 operacio
1626 1636 1818 1672 virtuosa.

217 1703 276 1741 and
298 1701 493 1742 emendation
512 1696 604 1731 Ideo
638 1694 778 1730 dicunt
811 1695 939 1731 sancti
973 1696 1082 1743 quod
1115 1708 1197 1731 non
1229 1694 1376 1731 sufficit
1400 1694 1612 1742 displicere
1637 1696 1685 1731 de
1710 1694 1817 1730 malo

217 1736 728 1807 jbf'tnggg'ssffgffcssspreterito;
787 1754 855 1789 sed
913 1765 1002 1789 cum
1059 1753 1345 1789 emendacione
1402 1753 1479 1788 vite
1530 1761 1690 1801 oportet
1746 1753 1820 1788 deo
1838 1753 1878 1785 25

273 1806 441 1839 salvatiom
511 1811 742 1847 satisfacere
772 1823 844 1859 pro
869 1810 1100 1857 commisso,
1136 1820 1173 1847 et
1205 1810 1278 1847 niti
1312 1823 1383 1858 per
1416 1812 1592 1847 medelas
1626 1810 1821 1858 scripture

511 1881 652 1905 cavere
685 1868 883 1916 posterius
917 1871 964 1905 de
998 1870 1124 1917 lapsu.
1171 1869 1238 1905 Isti
1279 1881 1372 1917 ergo
1404 1877 1496 1905 sunt
1529 1869 1636 1917 digni
1670 1869 1822 1904 fructus

511 1927 750 1975 penitencie.
796 1929 844 1963 Et
888 1927 994 1963 istud
1040 1936 1199 1975 oportet
1243 1939 1403 1963 omnem
1449 1936 1703 1975 peccatorem
1749 1928 1821 1962 sub

514 1997 617 2033 pena
650 1985 958 2033 dampnacionis
990 1998 1161 2022 servare.

237 2048 475 2113 anpgligrmngssde
572 2044 650 2080 Sed
682 2045 859 2080 secunda
892 2043 1119 2091 penitencia
1152 2052 1189 2080 et
1222 2043 1419 2080 confessio
1455 2043 1497 2079 fit
1530 2052 1637 2079 recte
1671 2042 1824 2079 homini
1842 2045 1884 2077 30

440 2105 446 2118 7

263 2121 293 2147 in
314 2120 405 2147 order
425 2123 455 2145 to
514 2103 563 2138 ad
612 2101 888 2150 recipiendum
937 2115 980 2138 ex
1018 2111 1131 2150 parte
1171 2101 1233 2138 dei
1274 2101 1524 2150 spiritualem
1568 2100 1824 2143 medicinam,

284 2162 439 2225 ῑὸζίζξέζαξ
515 2158 694 2196 criminis
726 2159 963 2196 sanativam.
998 2162 1046 2196 Et
1079 2162 1126 2196 de
1159 2159 1228 2196 tali
1252 2159 1479 2208 penitencia
1513 2168 1550 2195 et
1577 2158 1826 2195 confessione

234 2223 489 2262 1·en10dy‚xx1hich
515 2219 702 2254 locuntur
734 2217 861 2254 sancti
895 2219 1078 2255 doctores
1112 2227 1148 2254 et
1181 2218 1285 2266 leges
1319 2217 1497 2255 ecclesie.
1533 2219 1581 2253 Et
1613 2217 1722 2253 illam
1749 2216 1826 2252 dixi

236 2259 484 2322 praceeelgsfffim
516 2288 599 2312 esse
633 2277 680 2311 de
713 2276 799 2324 lege
831 2284 986 2322 nature,
1032 2276 1124 2312 licet
1156 2276 1371 2312 inclinacio
1412 2276 1451 2311 in
1486 2288 1632 2324 penam
1671 2274 1826 2323 peccati

302 2333 419 2361 nature,
516 2333 734 2381 plurimum
769 2334 820 2370 sit
853 2334 995 2382 sopita.
1031 2334 1171 2370 Omnis
1206 2334 1310 2370 enim
1344 2335 1403 2369 lex
1437 2334 1499 2369 dei
1524 2342 1581 2369 est
1604 2334 1663 2369 lex
1686 2342 1827 2369 nature
1844 2334 1883 2367 35

516 2392 646 2439 prime
692 2401 729 2428 et
774 2392 896 2429 multe
935 2393 1041 2440 leges
1081 2392 1143 2428 dei
1183 2401 1274 2428 sunt
1313 2393 1418 2440 leges
1458 2400 1599 2428 nature
1638 2392 1824 2427 secunde.

517 2449 659 2485 Omnis
705 2462 799 2487 vero
846 2450 905 2486 lex
949 2450 1086 2499 iniqua
1131 2451 1192 2486 vel
1231 2450 1383 2486 racioni
1425 2449 1627 2486 contraria
1674 2458 1730 2485 est
1769 2449 1828 2484 lex

517 2507 666 2544 diaboli
701 2517 738 2544 et
769 2509 829 2544 lex
857 2508 961 2555 vicii,
996 2521 1077 2545 non
1099 2517 1261 2555 nature3
1296 2508 1390 2556 quia
1413 2517 1545 2544 autern
1576 2507 1642 2543 alii
1667 2507 1828 2543 restrin-

588 2662 608 2686 1.
631 2661 656 2680 2.
678 2653 892 2681 Crisostomus
913 2654 957 2685 A;
985 2653 1022 2680 ib.
1044 2654 1145 2680 lavant
1166 2654 1197 2680 Β.
1271 2662 1300 2686 4.
1323 2653 1459 2680 sensibili
1480 2653 1565 2680 deest
1584 2652 1618 2680 C.
1693 2661 1717 2686 7.
1740 2653 1830 2679 Inno-

518 2689 656 2715 cencium
688 2687 726 2715 31Π
758 2696 862 2716 omnes
894 2688 984 2716 MSS.
1101 2687 1138 2716 13.
1172 2689 1217 2715 vel
1246 2696 1307 2723 pro
1341 2688 1392 2715 scd
1426 2689 1464 2715 A.
1573 2695 1615 2714 22.
1649 2688 1759 2714 fivbile
1792 2689 1829 2714 A.

518 2722 564 2756 34.
586 2723 633 2750 lex
655 2728 761 2750 nature
782 2723 812 2750 in
834 2731 936 2759 marg.
959 2723 990 2750 B.
1083 2722 1127 2757 37.
1149 2731 1221 2758 ergo
1241 2725 1279 2750 A.
1372 2721 1415 2750 38.
1437 2723 1473 2750 Et
1490 2730 1550 2758 pro
1572 2723 1643 2758 quia
1664 2727 1765 2749 autem
1786 2723 1829 2755 Ας

519 2758 555 2784 Et
575 2758 658 2793 quod
680 2758 729 2785 alii
751 2758 784 2785 C.

589 2830 687 2861 Decr.
716 2830 808 2861 Grat.
836 2830 887 2861 De
920 2831 1146 2871 Poenitentia,
1180 2832 1258 2862 dist.
1285 2831 1307 2870 Ι7
1341 2841 1414 2872 cap.
1443 2840 1472 2861 2.
1516 2831 1582 2861 But
1614 2840 1658 2861 no
1692 2829 1833 2871 chapter

521 2877 642 2917 begins
669 2876 752 2908 with
779 2878 886 2908 lavat.
