2067 3298
221 279 310 307 CAP.
334 278 371 305 X.
675 281 731 312 DE
759 280 1069 312 BLASPHEMIA.
1747 284 1821 317 147

221 400 355 424 nonne
388 388 459 423 hec
504 395 724 435 spontanea
758 386 935 423 abieccio
969 384 1086 434 exigit
1120 388 1167 422 de
1200 385 1330 434 rigore
1364 385 1534 432 iusticie,
1549 392 1750 427 suffering-
1773 393 1823 420 the

221 446 323 482 sicut
367 445 407 481 in
446 445 695 493 inpenitente
734 444 1045 481 involuntarium
1087 445 1268 480 dolorem
1315 428 1818 490 infinitum,penitesihtffssould

220 504 275 540 sic
304 504 343 539 in
366 503 571 551 penitente
595 502 869 539 voluntarium
893 502 1124 538 infinitum?
1157 501 1323 547 scilicet,
1356 510 1400 537 ut
1424 501 1534 550 peni·
1550 497 1825 559 evvoelimttfiirtiiyhgoirs

1624 553 1630 566 7

220 570 306 598 tens
323 562 438 597 vellet
456 561 540 597 sine
560 561 649 607 fine,
674 569 896 608 spontanea
913 561 1134 606 voluntate,
1158 568 1311 596 tantam
1336 559 1533 596 iacturam
1571 567 1634 594 told
1656 566 1720 593 that
1740 566 1762 592 it
1782 566 1807 593 is

188 620 372 665 §dolore‚
406 618 482 654 nisi
515 618 559 663 is,
600 618 667 666 qui
700 627 841 666 sponte
875 618 1020 654 abiecit
1054 617 1386 663 misericordiam,
1419 618 1537 654 vellet
1621 601 1754 636 enough.

126 680 182 724 57¹⁷
222 677 338 713 huius
382 676 533 712 doloris
568 678 571 725 Ι
607 676 826 724 aliquando
873 675 1075 712 miseriam
1119 676 1286 712 tollere?
1331 677 1536 724 quomodo

223 734 295 771 erit
328 734 512 782 penitens
545 733 684 779 iustus,
725 734 797 770 nisi
832 734 925 770 velit
959 733 1105 770 infiniti
1146 733 1239 770 boni
1272 742 1534 782 spontaneam

223 793 494 829 abieccionern
529 804 688 840 semper
720 792 854 828 dolere
888 800 925 828 et
947 791 1102 840 punire,
1137 793 1264 828 donec
1298 791 1404 827 dicat
1438 791 1471 827 ei
1505 791 1536 827 is

224 850 286 887 cui
319 850 572 887 reconciliari
607 850 734 898 cupit:
770 849 873 886 Satis
907 850 987 886 est?
1022 851 1228 898 quomodo
1252 849 1415 886 amandi
1449 849 1533 885 sine

170 924 208 944 10
224 910 345 945 modo
379 917 436 945 est
469 909 643 944 dolenda
676 907 839 944 amissio
872 907 955 944 sine
996 908 1141 944 modo?
1187 909 1402 953 Quomodo
1442 920 1536 955 ergo

222 966 262 1002 in
294 967 497 1003 voluntate
530 965 761 1002 transitoria
795 975 928 1002 creata
960 965 1033 1001 fuit
1065 967 1247 1002 voluntas
1271 964 1425 1014 peccati
1449 978 1537 1013 per—

223 1033 359 1073 petua,
406 1024 469 1061 cui
516 1024 555 1060 in
601 1024 847 1072 inpenitente
901 1023 1002 1060 iuste
1053 1025 1220 1060 debetur
1273 1033 1309 1060 et
1355 1023 1537 1059 redditur

223 1092 418 1131 perpetua
452 1082 723 1118 involuntaria
756 1094 876 1130 pena:
923 1081 977 1118 ita
1011 1081 1051 1117 in
1082 1083 1287 1118 voluntate
1320 1081 1535 1129 penitentis
1627 1086 1709 1126 Such
1729 1087 1758 1126 js

224 1150 281 1177 est
325 1142 453 1186 dolor,
500 1149 537 1176 et
581 1139 808 1176 satisfaccio
842 1139 1008 1187 penalis,
1044 1139 1335 1176 condicionalis
1379 1140 1534 1185 saltem,
1587 1122 1797 1192 ὃῗὲῗῗὲῑῖζῗῖ

170 1202 205 1235 15
224 1208 453 1247 perpetuus.
479 1199 556 1234 Sed
576 1197 851 1234 misericordia
873 1197 1016 1233 iudicis
1036 1197 1253 1246 aliquando
1272 1198 1533 1241 terminatur;
1586 1199 1724 1253 lesfsrtrffi'
1741 1196 1792 1253 ᾖξε

222 1270 302 1293 non
346 1256 467 1305 igitur
511 1255 622 1292 finiet
669 1268 759 1292 vere
810 1255 992 1303 penitens
1040 1264 1308 1304 spontaneum
1353 1256 1534 1292 dolorem
1570 1261 1814 1301 ,partofthe-

72 1321 181 1361 Apoc.
224 1314 393 1364 peccati,
429 1316 555 1351 donec
588 1312 793 1364 abstergat
823 1315 915 1350 deus
943 1326 1091 1350 omnem
1117 1314 1319 1350 lacrimam
1348 1314 1394 1349 ab
1418 1314 1538 1349 oculis
1552 1296 1826 1358 smaeggiafflaffinnl

77 1367 181 1405 XVH’
223 1382 470 1422 sanctorum,
516 1380 559 1408 ut
598 1371 677 1408 iam
721 1384 794 1407 non
839 1373 888 1407 sit
931 1372 1068 1415 luctus,
1112 1384 1230 1421 neque
1274 1372 1404 1418 dolor,
1450 1372 1536 1420 quia
1570 1365 1809 1427 wipgxglaltears

109 1423 152 1453 ²4
218 1431 359 1480 priora
392 1431 578 1467 abierunt.
616 1429 852 1466 Satisfaccio
885 1438 1018 1466 autem
1053 1438 1110 1465 est
1152 1432 1200 1466 ad
1226 1431 1420 1466 honorem
1454 1429 1536 1465 eius
1552 1446 1609 1473 But
1630 1409 1820 1474 satisfyaiction

168 1501 317 1537 :merga
363 1501 480 1537 quem
535 1497 592 1524 est
638 1496 847 1536 peccatum
894 1488 1064 1524 alicuius
1109 1488 1166 1524 rei
1211 1488 1378 1533 solucio,
1425 1487 1536 1523 cuius
1577 1481 1809 1552 pissfflgssftfffea

224 1548 381 1583 solvens
406 1546 564 1583 debitor
587 1559 667 1582 non
690 1555 805 1592 esset,
839 1546 870 1582 si
902 1559 984 1582 non
1020 1555 1235 1593 peccasset.
1271 1545 1376 1591 Quid
1401 1554 1535 1582 autem
1552 1550 1623 1589 dUebt
1643 1551 1717 1578 with
1738 1552 1822 1578 what

225 1614 281 1641 est
325 1606 434 1653 quod
481 1606 530 1640 ad
576 1605 770 1640 honorem
812 1604 875 1640 dei
914 1604 1059 1640 exsolvi
1098 1603 1223 1652 possit
1261 1605 1369 1652 quod
1415 1604 1536 1640 homo
1569 1586 1811 1654 Ῑῇἓὲξέὲξῗζγ

223 1672 413 1711 peccator
446 1664 520 1698 deo
558 1675 639 1698 non
673 1662 840 1698 debeat?
877 1661 1014 1710 utique
1053 1662 1189 1700 nichil.
1234 1663 1537 1711 Verumtamen,
1553 1655 1816 1718 wziffsrgfiiierffi

224 1721 255 1757 si
288 1722 409 1757 homo
441 1733 647 1768 nunquam
674 1729 892 1770 peccasset,
927 1720 1075 1756 nullius
1099 1733 1199 1768 pene
1233 1720 1389 1757 debitor
1423 1729 1537 1756 esset.
1566 1734 1604 1752 no
1621 1713 1826 1765 ,orisons‚‚nb⁷

168 1783 207 1816 25
225 1781 336 1827 Item,
383 1778 414 1814 si
447 1779 602 1814 nullum
636 1777 810 1814 hominis
843 1778 980 1814 fuisset
1018 1787 1244 1827 peccatum,
1289 1779 1399 1814 nulla
1439 1787 1539 1814 esset
1563 1768 1825 1831 ffgzisteffessorrlzgvrgg

226 1836 400 1873 hominis
436 1836 609 1886 miseria,
645 1846 681 1872 et
714 1835 769 1872 ita
802 1837 911 1872 nulla
945 1845 1075 1872 essent
1103 1836 1377 1873 misericordie
1401 1848 1536 1885 opera.
1597 1830 1789 1892 εξᾶἓξίξέἕ]

225 1898 336 1941 Item,
361 1895 391 1931 si
416 1903 627 1942 peccatum
652 1907 731 1930 non
754 1903 869 1943 esset,
894 1895 1004 1930 nulla
1024 1903 1124 1931 esset
1142 1907 1212 1942 per
1231 1894 1537 1943 corrupcionem
1563 1899 1722 1935 difficulty,
1743 1908 1823 1927 were

226 1952 402 1989 defeccio
425 1952 534 2001 boni,
568 1965 641 2000 pro
665 1965 743 2000 qua
767 1953 992 2000 supplenda
1015 1952 1238 1989 necessaria
1263 1962 1365 1989 esset
1387 1953 1537 1990 oracio.
1559 1934 1802 1996 dbuee‚c(t)ll1]<}ffierlnea

226 2011 361 2061 Igitur,
396 2011 426 2046 si
459 2019 670 2059 peccatum
706 2010 880 2046 hominis
912 2023 993 2046 non
1025 2011 1161 2047 fuisset
1190 2011 1355 2047 istarum
1390 2024 1539 2060 rerum,
1564 2012 1597 2031 as
1618 2004 1820 2031 satisfaction.

170 2074 211 2106 30
227 2071 349 2105 horno
382 2069 540 2105 debitor
579 2081 661 2104 non
695 2068 844 2106 fuisset.
894 2070 1006 2105 Unde
1046 2070 1117 2105 hec
1150 2069 1312 2117 proprie
1351 2069 1391 2105 in
1428 2068 1541 2105 satis-

226 2127 404 2163 faccione
438 2128 512 2163 deo
536 2126 772 2172 offeruntur,
807 2139 979 2175 quorum
1002 2128 1156 2163 nullum
1183 2136 1283 2163 esset
1307 2129 1355 2164 ab
1380 2126 1541 2163 homine

228 2185 422 2233 debitum,
457 2185 487 2221 si
521 2186 677 2220 nullum
705 2194 805 2221 esset
829 2185 1004 2221 hominis
1028 2194 1262 2233 peccaturn3
1296 2186 1383 2221 iaus
1407 2194 1539 2221 autem

229 2252 264 2279 et
298 2243 375 2279 alia
407 2243 507 2279 forte
541 2243 689 2292 aliqua,
736 2256 811 2291 que
851 2243 889 2278 in
930 2244 1060 2292 patria
1101 2253 1215 2279 erunt
1253 2243 1541 2280 iocundissima

229 2310 265 2337 et
304 2301 415 2337 nullo
455 2302 577 2337 inodo
622 2301 803 2349 penalia3
849 2314 925 2350 que
971 2301 1114 2352 eciam,
1160 2302 1251 2338 licet
1299 2303 1421 2338 homo
1461 2314 1541 2337 non

298 2493 322 2521 5.
345 2494 447 2521 dolere
468 2494 506 2526 B;
535 2493 634 2520 delere
661 2484 722 2520 msa
748 2493 789 2528 C;
817 2494 854 2521 ib.
883 2493 1002 2521 nisibus
1023 2494 1059 2528 133
1088 2495 1125 2521 ib.
1148 2502 1238 2530 quem
1264 2495 1308 2528 A;
1335 2494 1373 2521 ib.
1394 2502 1486 2521 unam
1510 2495 1542 2523 Β.

228 2552 255 2579 8.
282 2552 308 2578 is
334 2552 418 2579 deest
445 2552 476 2579 Β.
604 2559 632 2586 9.
660 2556 705 2579 est
731 2552 817 2579 deest
841 2554 885 2587 A3
916 2552 953 2579 ib.
982 2552 1128 2587 quoniam
1149 2552 1213 2580 AB.
1328 2561 1361 2580 11.
1389 2543 1476 2580 εἰῖιῖει
1503 2554 1541 2580 A.

230 2617 269 2636 12.
302 2609 443 2644 impietas
473 2610 515 2643 A;
548 2610 595 2636 cui
626 2610 655 2637 in
691 2610 844 2645 penitente
875 2610 906 2638 Β.
1052 2609 1090 2638 13.
1125 2602 1277 2645 perpetua?
1304 2610 1477 2638 voluntaria
1507 2612 1541 2638 t„

231 2667 267 2694 15.
283 2653 391 2701 t'pffizfi
405 2668 443 2694 A.
516 2675 554 2694 21.
572 2667 651 2702 Quis
666 2669 704 2694 A.
768 2666 812 2695 23.
829 2656 900 2703 pcffi
914 2668 948 2696 C.
1015 2676 1061 2702 24.
1079 2669 1181 2696 nullus
1194 2670 1234 2696 A.
1299 2669 1346 2704 26,
1363 2676 1406 2702 27.
1423 2669 1542 2696 miseri-

230 2725 335 2752 cordie
347 2741 380 2744 —
394 2729 473 2752 esset
486 2725 571 2752 deest
584 2725 622 2760 B;
645 2730 747 2753 essent
760 2743 793 2745 —
811 2726 892 2753 nulla
907 2725 991 2753 deest
1006 2726 1039 2754 C.
1119 2725 1159 2754 31.
1174 2731 1219 2753 est
1233 2726 1268 2754 C.
1341 2726 1388 2761 34.
1410 2708 1486 2753 nsi-130
1507 2726 1541 2754 C.

303 2807 331 2839 5.
358 2808 435 2840 The
471 2815 541 2840 text
579 2810 606 2840 is
646 2810 809 2852 certainly
843 2816 982 2851 corrupt
1018 2808 1112 2850 here,
1152 2810 1218 2841 and
1256 2809 1314 2841 the
1352 2820 1543 2841 numerous

232 2855 403 2886 variantes
442 2865 498 2886 aro
537 2855 577 2886 of
611 2855 671 2886 but
709 2857 793 2887 little
831 2866 904 2887 use.
944 2855 1096 2898 Perhaps
1135 2857 1254 2889 dolere
1292 2857 1401 2898 ought
1432 2864 1467 2888 to
1501 2857 1542 2888 be

233 2901 440 2933 substituted
469 2901 521 2932 for
543 2902 679 2934 dolore.

1344 2962 1410 2992 10⁹*
