2067 3298
142 372 183 403 D.

190 603 205 635 5

170 905 207 926 10

169 1184 204 1216 15

164 1765 203 1798 25

164 2346 204 2380 35

224 259 311 286 CAP.
333 259 413 286 vm.
686 262 745 293 DE
773 262 1078 293 BLASPHEMIA.
1748 265 1758 289 1
1777 253 1820 289 15

280 371 377 405 Item
411 381 491 405 non
525 378 582 405 est
615 369 737 415 racio,
772 381 896 417 quare
931 370 1051 404 homo
1085 369 1134 404 ad
1166 367 1377 404 minimum
1411 368 1534 404 semel
1549 374 1659 409 Again,
1680 375 1825 402 it‘aman

223 427 261 463 in
294 440 400 463 anno
435 428 551 463 debet
586 427 720 463 taliter
753 426 948 472 confiteri,
996 426 1092 475 quin
1131 438 1201 474 per
1239 426 1345 462 idem
1386 427 1533 462 multo·
1549 409 1826 480 (ᾇῗῑῖιὲῖὲογὶἒῗῖοιῗὲ

223 485 342 530 ciens,
367 485 408 521 in
431 498 524 522 casu
548 498 627 533 quo
652 485 859 533 delinquat
888 484 1110 521 multocies.
1145 486 1193 520 Et
1216 483 1271 520 sic
1294 483 1533 520 irracionale
1560 478 1817 541 ζξθὲἒᾷῃΰῗὲΐῗέ

222 543 453 591 sompnium
495 543 652 579 videtur
690 543 863 580 diffinire
902 544 1009 591 quod
1048 541 1195 578 sufficit
1234 551 1271 578 et
1315 542 1534 590 requiritur
1577 548 1645 575 falls
1666 548 1731 575 into
1753 549 1799 576 sin

564 601 570 607 .
980 601 986 606 .
1232 600 1238 606 .
1503 600 1509 605 -
1571 583 1630 610 and
1653 588 1706 610 not
1726 584 1808 610 wait.

222 602 271 637 ad
305 602 474 638 salutem
509 614 799 650 cuiuscumque
831 601 955 637 semel
979 614 1019 637 1n
1042 613 1148 637 anno
1171 601 1304 636 taliter
1328 600 1532 646 confiteri,
1564 629 1590 656 It
1610 629 1635 656 is
1655 629 1809 656 therefore

222 659 590 708 quocienscumque
636 668 723 708 eget
771 659 928 696 medico
981 668 1063 695 tam
1108 658 1350 705 necessario,
1402 659 1531 704 debet,
1548 665 1773 691 unreasonable
1794 669 1824 691 to

223 727 386 765 propter
425 718 627 754 infinitum
669 718 797 754 maius
831 717 1054 766 periculum
1094 729 1214 765 quam
1256 715 1409 765 aliquid
1449 729 1534 752 cor-
1555 699 1823 761 masksffitggitfgssrm

223 777 374 823 porale,
421 778 471 812 ad
512 777 708 813 medelam
755 775 952 823 sanitatis,
997 775 1185 812 omnibus
1230 774 1317 811 aliis
1360 773 1532 821 omissis,
1603 768 1772 802 salvatiom

223 834 386 870 indilate
419 843 707 872 transcurrere.
743 834 842 880 Quis
872 847 965 882 ergo
997 835 1184 870 sacerdos
1212 833 1425 881 inponeret
1459 833 1534 868 deo
1560 837 1708 885 besides,
1728 837 1751 864 it
1771 838 1797 876 is

222 892 440 928 terminum
488 892 718 939 miserendi,
758 901 802 929 ut
839 901 949 940 patet
985 891 1122 927 Judith
1157 893 1199 928 8:
1255 891 1345 941 Qui,
1390 890 1533 939 inquit,
1550 873 1621 934 sugg
1649 881 1673 933 ’ἓ
1688 874 1826 944 tlggtecglor

221 951 311 986 estis
350 963 429 998 vos,
474 951 538 1000 qui
573 951 768 1000 temptatis
801 950 1028 987 dominum?
1076 950 1163 985 Non
1208 957 1263 985 est
1300 950 1369 985 iste
1406 961 1535 985 sermo

222 1009 286 1056 qui
317 1008 625 1045 misericordiam
653 1016 855 1058 provocet,
893 1009 961 1045 sed
992 1008 1129 1057 pocius
1162 1007 1226 1057 qui
1262 1007 1362 1043 iram
1395 1007 1536 1043 excitet

221 1074 256 1102 et
277 1067 465 1115 furorem
507 1068 704 1105 accendat.
751 1067 939 1103 Posuistis
978 1078 1045 1102 vos
1082 1074 1232 1115 tempus
1271 1064 1536 1101 miseracionis

221 1125 390 1168 Donfzini,
435 1133 470 1161 et
513 1125 548 1161 in
593 1125 756 1160 arbitrio
801 1132 929 1161 vestro
970 1124 1069 1160 diem
1108 1123 1358 1160 constituistis
1389 1123 1433 1161 ei.
1488 1125 1535 1158 Et

221 1182 420 1231 sequitur:
466 1184 508 1218 In
553 1184 622 1219 hoc
659 1190 818 1232 peccato
857 1182 1109 1232 peniteamus.
1157 1181 1198 1218 Si
1240 1181 1360 1228 igitur
1405 1180 1534 1216 fidelis
1572 1187 1801 1214 Ifamancan

222 1253 292 1288 per
334 1254 482 1277 annum
524 1249 728 1289 preservat
765 1253 805 1277 se
844 1254 866 1277 a
900 1240 1075 1286 mortali,
1117 1239 1204 1288 quis
1244 1247 1404 1287 cogeret
1443 1251 1533 1274 eum
1579 1222 1799 1292 Κζξὲτῑῗζοῗὲη

222 1300 268 1335 de
304 1299 540 1336 necessitate
573 1298 711 1335 salutis
746 1298 941 1344 confiteri,
982 1307 1025 1334 ut
1056 1298 1226 1346 ipsemet
1259 1296 1455 1334 instituit?
1494 1296 1535 1333 Si
1573 1292 1806 1362 Ἂξὲξῖῑὲἶῑῃξέξέ)

221 1366 353 1393 autem
390 1359 438 1394 de
470 1357 707 1394 necessitate
736 1357 876 1393 salutis
901 1356 1027 1404 magis
1051 1356 1241 1404 indigeat,
1275 1355 1363 1404 quis
1388 1354 1533 1391 diffidit
1555 1362 1626 1388 And
1648 1361 1673 1388 if
1691 1361 1727 1388 he
1747 1362 1815 1388 falls

222 1415 352 1451 minus
402 1417 477 1452 deo
525 1415 733 1451 sufficere?
786 1417 859 1451 Per
903 1416 978 1451 hoc
1028 1414 1133 1450 enim
1183 1415 1292 1462 quod
1336 1413 1533 1449 limitatur
1554 1396 1817 1466 Οξῒξζζῗξζήᾓῃξξξ

221 1483 456 1521 peccantem
496 1474 619 1510 semel
656 1473 697 1509 in
734 1486 840 1510 anno
879 1473 1011 1509 taliter
1056 1472 1251 1518 confiteri,
1296 1465 1824 1535 intelligitU1'Sl}{fi{³sesfgguffiffl‘

222 1533 329 1580 quod
363 1533 440 1568 hoc
474 1531 693 1580 requiritur
728 1540 764 1567 et
793 1531 939 1567 sufficit
975 1530 1219 1579 cuicunque;
1256 1539 1293 1567 et
1316 1539 1533 1577 utrumque
1553 1540 1583 1562 to
1605 1535 1727 1582 confess
1748 1543 1824 1574 orico

221 1589 389 1626 istorum
415 1599 471 1626 est
494 1590 651 1626 falsum.
690 1590 836 1626 Debuit
860 1589 980 1637 igitur
1014 1591 1227 1625 mandasse
1261 1589 1369 1637 quod
1402 1586 1533 1624 omnis
1557 1578 1573 1597 a
1593 1578 1671 1632 {iffi
1691 1571 1818 1632 glrppgies

221 1647 350 1684 fidelis
384 1649 512 1694 debet,
559 1648 914 1696 quocienscunque
948 1647 1111 1695 eguerit,
1156 1646 1291 1683 taliter
1334 1644 1532 1683 confiteri.
1557 1639 1819 1707 Boiiifgiiefflitii'sm

221 1705 285 1742 Sic
309 1707 416 1754 quod
440 1719 545 1754 papa
573 1718 646 1742 nec
669 1715 800 1754 potest
829 1706 960 1743 facere
994 1707 1101 1754 quod
1135 1705 1301 1754 quilibet
1333 1705 1388 1741 sic
1421 1712 1535 1752 egeat
1554 1710 1604 1736 the
1625 1710 1707 1744 right
1726 1709 1818 1736 order

220 1777 300 1812 quo
334 1765 383 1800 ad
417 1766 551 1810 deum,
584 1777 657 1801 nec
691 1777 877 1801 excusare
902 1776 1164 1812 quoscunque
1188 1764 1255 1812 qui
1289 1762 1344 1799 sic
1367 1762 1532 1808 faciunt,
1565 1745 1814 1813 ὺζὲῗῳρὲἓὲρζε

220 1822 250 1857 si
291 1823 379 1870 plus
419 1831 546 1870 egent.
593 1824 724 1870 Supra
762 1822 863 1859 vires
902 1822 1037 1871 itaque
1077 1822 1179 1859 foret
1218 1821 1401 1858 blasfemi
1442 1833 1534 1857 con·
1578 1815 1796 1885 affgfl'ssdg‘ggdlf’

220 1879 384 1916 stituere
418 1881 538 1917 talem
571 1881 714 1929 legem.

278 1940 394 1985 Nam,
428 1948 470 1974 ut
503 1939 653 1975 instant
675 1938 807 1986 logici,
841 1938 956 1974 multi
988 1939 1138 1974 habent
1171 1937 1461 1974 discrecionem
1486 1937 1535 1972 ad
1590 1941 1791 1977 Exceptional

221 1998 525 2043 conterendum,
568 2006 605 2033 et
637 2005 774 2033 tamen
807 2005 898 2033 sunt
932 1996 1169 2032 naturaliter
1203 1996 1313 2032 surdi
1348 2005 1385 2032 et
1419 1994 1532 2030 muti.
1554 1985 1820 2045 ςᾶἳῇῗξξῖςὲἓξὲξς,

220 2054 334 2090 Multi
359 2055 485 2091 eciam
510 2055 643 2091 statim
669 2064 760 2103 post
784 2054 1074 2091 discrecionem
1101 2063 1192 2090 sunt
1215 2054 1345 2090 subito
1370 2051 1532 2090 mortui.
1558 2046 1744 2114 beingucffiffi
1758 2047 1815 2073 and

220 2112 335 2148 Multi
368 2113 487 2149 etiam
520 2122 710 2161 vagantes
744 2126 813 2161 per
853 2113 1005 2161 patrias
1044 2125 1125 2148 non
1164 2113 1313 2148 habent
1345 2110 1532 2159 proprios
1610 2124 1696 2143 some
1717 2116 1766 2143 die

220 2172 461 2217 sacerdotes,
497 2180 533 2207 et
557 2184 647 2207 cum
674 2171 907 2207 huiusmodi
930 2171 1026 2219 legis
1050 2170 1250 2218 obligacio
1274 2182 1356 2206 non
1379 2169 1532 2216 obligat
1555 2151 1758 2221 ⁸¹¹&ssssth
1777 2151 1827 2178 the

220 2241 500 2278 quemcunque
533 2229 769 2265 cristianum
804 2242 877 2278 pro
910 2241 1081 2276 semper,
1116 2229 1210 2277 quia
1243 2229 1299 2264 sic
1331 2236 1535 2264 teneretur
1595 2220 1779 2283 (1ὲὲξὲῐῖῑέἓί

220 2286 387 2335 quilibet
426 2300 499 2335 pro
541 2300 701 2336 semper
740 2287 922 2324 confiteri
961 2287 1127 2335 proprio
1162 2285 1384 2332 sacerdoti3
1431 2293 1469 2321 et
1501 2284 1533 2320 si
1556 2290 1825 2325 wanderers‚and

220 2357 378 2393 semper
410 2345 575 2393 obligat,
609 2359 690 2383 non
722 2359 796 2394 pro
830 2358 1007 2394 semper3
1047 2345 1144 2381 satis
1178 2354 1250 2391 est,
1284 2353 1327 2380 ut
1361 2351 1534 2391 arguunt
1549 2326 1824 2396 apsolssassvsepff-ffigtsq

220 2402 353 2451 logici,
387 2405 494 2452 quod
527 2405 651 2440 semel
682 2404 722 2440 in
755 2416 995 2452 quocunque
1031 2416 1135 2440 anno
1171 2402 1411 2440 confiteatur
1442 2414 1535 2450 pro-
1569 2395 1749 2457 Afflgntffig}
1766 2403 1816 2422 are

220 2461 308 2509 prio
342 2462 562 2507 sacerdoti3
598 2470 635 2498 et
667 2462 723 2498 sic
757 2462 1079 2510 multiplicantur
1113 2461 1221 2498 mille
1254 2460 1445 2509 logicales
1478 2459 1535 2494 in-
1602 2465 1777 2492 difficulties

221 2519 385 2565 stancie,
420 2521 528 2568 quod
561 2521 633 2556 hec
665 2520 726 2556 lex
748 2520 823 2556 fuit
844 2521 941 2557 false
967 2529 1003 2556 et
1027 2519 1238 2568 inprovide
1263 2518 1534 2568 promulgata.
1609 2501 1772 2569 Ξῖῗὲἑῑῇἓῗ

221 2579 322 2613 Nam
347 2577 454 2614 fideli
478 2578 693 2614 confitente
711 2591 784 2626 pro
809 2591 916 2615 anno
940 2578 981 2614 in
1000 2578 1249 2614 comunitate
1274 2590 1364 2628 cum
1382 2575 1537 2623 reliquo
1581 2569 1805 2639 Olilifftiffiff

162 2648 207 2679 40
223 2644 259 2671 et
281 2644 371 2683 post
403 2636 539 2672 statim
564 2637 779 2673 decedente
803 2636 843 2672 in
866 2636 1014 2684 gracia,
1048 2649 1130 2672 non
1163 2634 1432 2684 imputabitur
1465 2632 1539 2670 sibi

293 2791 318 2820 3.
340 2793 447 2820 mltouo
461 2794 504 2828 (=
519 2793 712 2828 multociens)
734 2794 772 2820 A.
836 2794 864 2820 6.
886 2793 967 2820 enim
989 2793 1048 2821 ΒΕ.
1112 2801 1141 2828 9.
1164 2793 1258 2828 igitur
1279 2792 1313 2820 C.
1371 2792 1407 2819 15.
1429 2792 1539 2818 iterum

219 2835 279 2862 pro
298 2827 391 2862 igitur
412 2828 446 2856 C.
511 2836 556 2855 20.
577 2828 710 2855 totaliter
731 2828 765 2856 C.
831 2836 869 2855 21.
892 2828 1012 2862 CUlCUq7
1035 2830 1072 2855 A.
1141 2828 1186 2856 25.
1208 2828 1480 2862 quocienscunque
1501 2827 1539 2853 A.

224 2870 270 2897 -9.
301 2863 542 2890 convertendum
572 2863 635 2890 AB.
747 2863 793 2895 34.
825 2863 951 2898 quilibet
981 2864 1065 2890 deest
1084 2864 1122 2890 A.
1240 2861 1280 2889 35.
1312 2870 1373 2888 non
1396 2863 1482 2889 twice
1501 2862 1540 2888 A.

224 2896 268 2931 37.
290 2897 499 2931 multipliciter
520 2897 553 2925 C.
627 2906 678 2932 40.
700 2902 728 2925 et
749 2898 835 2925 deest
854 2898 918 2924 AC.

1359 2943 1410 2975 83(-
