2067 3298
266 243 345 278 206
997 248 1221 280 JOHANNIS
1246 248 1430 280 WYCLIF
1674 247 1762 276 CAP.
1785 247 1865 276 x1v.

282 364 308 391 Α
330 363 519 391 Friarloses
553 368 636 393 esse
673 356 825 393 intrare
869 355 1103 403 religionem
1144 355 1361 403 privatam3
1408 355 1501 404 quia
1546 357 1622 392 hoc
1668 365 1866 404 repugnat

308 398 493 462 ἒέᾓὲῑῑζὲζ
553 415 690 451 multis
722 413 990 460 libertatibus,
1030 413 1071 449 in
1110 413 1254 462 quibus
1288 412 1442 450 Cristus
1481 414 1607 450 voluit
1641 414 1864 452 Cristianos

272 468 401 538 Ῑὲῖῗῖἑζᾶ
415 468 521 530 {gddios
550 473 694 518 vivere,
730 482 766 508 et
796 471 1011 508 necessitat
1044 472 1093 507 ad
1128 472 1253 508 multa
1286 472 1406 518 mala,
1441 484 1517 521 que
1541 472 1694 508 Cristus
1728 473 1867 509 docuit

307 539 398 566 much
420 539 485 566 that
552 530 688 567 fideles
721 530 936 578 auffugere.
970 529 1164 566 Diabolus
1197 538 1334 566 tamen
1366 531 1437 565 sub
1472 530 1606 566 colore
1630 529 1724 566 boni
1759 543 1868 567 com-

261 573 536 643 Chrgslgtpggseslnot
551 588 662 625 mixti
696 588 849 625 seducit
881 588 1078 634 incautos,
1124 597 1166 623 ut
1204 596 1314 635 patet
1354 600 1397 624 ex
1436 588 1567 624 fructu
1601 588 1757 625 consilii
1797 588 1900 625 h0-5

551 646 692 683 dierni.
738 649 841 683 Nam
880 658 985 682 nunc
1024 644 1247 681 consulitur
1286 647 1336 681 ad
1375 646 1489 691 bella,
1537 647 1588 682 ad
1625 646 1716 682 lites
1749 655 1786 682 et
1819 647 1868 682 ad

550 704 758 754 potencias
790 705 1002 750 seculares,
1035 715 1109 739 nec
1141 703 1245 751 sapit
1276 703 1522 740 secularibus
1555 703 1765 741 consilium
1800 705 1869 740 do-

551 762 649 799 mini
683 764 733 799 ad
764 762 950 809 virtutes3
993 762 1043 797 ad
1077 762 1164 797 illas
1196 770 1332 797 tamen
1365 763 1483 798 debet
1515 770 1672 798 tantum
1707 761 1867 810 sapiens

551 821 732 858 absolute
757 821 979 870 consulere,
1004 827 1041 855 et
1064 819 1293 868 relinquere
1317 819 1503 868 regimini
1525 820 1680 869 proprii
1703 819 1868 869 spiritus

550 879 682 916 facere
706 887 849 915 neutra
873 879 933 915 vel
956 879 1063 914 bona
1096 879 1144 913 de
1167 889 1323 925 genere.
1358 880 1459 914 Nam
1485 877 1630 916 habitis
1653 878 1867 915 virtutibus
1888 890 1926 913 10

550 947 594 973 ut
626 937 809 973 homines
833 936 912 973 sint
936 935 1006 972 filii
1032 935 1108 982 dei,
1152 937 1394 972 credendum
1426 945 1484 972 est
1515 948 1559 972 ex
1590 936 1666 972 fide
1696 936 1869 984 apostoli

553 997 662 1044 quod
696 994 921 1031 comuniter
954 1006 998 1031 ex
1030 993 1176 1041 spiritu
1209 993 1272 1030 dei
1296 1007 1376 1042 quo
1400 996 1450 1030 ad
1474 993 1571 1031 talia
1605 1003 1720 1031 erunt
1744 994 1866 1030 ducti.

278 1058 367 1087 None
389 1059 442 1099 but
461 1059 511 1086 the
554 1055 632 1090 Sed
685 1053 805 1089 hodie
863 1053 1125 1089 blasfematur
1175 1051 1379 1088 induendo
1436 1065 1651 1101 personam
1705 1052 1868 1101 spiritus

259 1094 342 1157 Hprllyer
360 1095 536 1165 ῗῑὲιῆξῐῑὲἃά
554 1111 694 1158 sancti,
740 1111 808 1160 qui
848 1110 1028 1159 precepit
1067 1110 1264 1158 prophete
1311 1110 1571 1147 fornicariam
1613 1110 1792 1159 accipere
1832 1119 1868 1147 et

259 1165 308 1192 1³¹¹
337 1164 386 1192 ‘¹¹⁰
407 1165 539 1200 prophet
554 1182 597 1206 ex
622 1182 667 1206 ea
693 1171 699 1222 1
728 1169 832 1205 filios
865 1180 1091 1217 procreare,
1125 1176 1169 1204 ut
1192 1176 1301 1216 patet
1325 1169 1447 1215 Osee3
1482 1182 1570 1205 cum
1607 1181 1726 1205 nemo
1751 1170 1868 1205 debet
1888 1170 1925 1203 15
1960 1170 2019 1215 69⁸

270 1204 459 1269 haiflorttiaiaig
474 1208 529 1262 gan
553 1227 630 1264 nisi
663 1227 704 1264 in
737 1227 810 1264 sibi
844 1227 961 1264 certis
995 1226 1217 1263 consulere.
1251 1228 1300 1262 Et
1331 1227 1404 1263 hec
1427 1226 1536 1264 racio
1560 1239 1682 1275 quare
1705 1227 1868 1275 spiritus

277 1269 527 1332 Οὲἔῖξζξζζξᾷζο
555 1285 710 1322 consilii
743 1287 854 1322 deest
887 1284 1065 1322 ecclesie.
1098 1286 1226 1320 Nemo
1260 1285 1375 1321 debet
1405 1285 1489 1321 sine
1512 1285 1676 1333 speciali
1700 1285 1868 1322 consilio

282 1339 476 1409 arebgeggziss
489 1343 520 1366 to
554 1344 617 1380 dei
649 1343 690 1380 in
723 1343 799 1380 sibi
831 1343 985 1380 neutris
1018 1343 1239 1388 consulere,
1280 1343 1375 1391 quia
1412 1343 1452 1379 in
1491 1344 1567 1379 hoc
1606 1344 1712 1379 fatue
1747 1343 1868 1379 extol-

552 1402 701 1439 leretur
739 1414 859 1450 super
898 1402 1029 1438 deum.
1076 1402 1182 1436 Deus
1221 1400 1327 1437 enim
1368 1414 1449 1437 non
1487 1409 1619 1449 potest
1659 1402 1867 1438 consulere

551 1461 612 1496 vel
646 1462 855 1505 mandare,
888 1459 964 1496 nisi
988 1460 1097 1508 quod
1130 1458 1203 1495 scit
1231 1467 1268 1495 et
1291 1458 1452 1496 ordinat
1475 1461 1665 1507 prodesse
1688 1459 1866 1496 ecclesie.
1884 1471 1926 1493 20

552 1518 776 1554 Blasfemus
822 1526 956 1554 autem
1005 1517 1096 1554 talis
1139 1516 1316 1553 frontose
1362 1517 1534 1553 consulit
1584 1518 1692 1566 quod
1742 1517 1869 1554 nescit

552 1589 777 1624 repugnare
808 1575 1006 1612 voluntati
1041 1573 1187 1619 divine,
1220 1574 1386 1611 utilitati
1422 1575 1585 1612 ecclesie
1608 1584 1645 1611 et
1668 1575 1866 1624 profectui

552 1647 722 1683 persone
747 1634 947 1670 consulte:
981 1635 1091 1682 quod
1115 1640 1173 1668 est
1194 1632 1414 1670 indiscreta
1437 1633 1653 1671 temeritas,
1687 1635 1736 1670 Et
1758 1642 1868 1681 patet

552 1705 623 1740 per
654 1693 788 1729 locum
821 1705 842 1728 a
876 1692 1019 1728 maiori
1049 1692 1157 1740 quod
1190 1691 1356 1727 stultum
1400 1692 1515 1738 foret,
1561 1691 1772 1728 deficiente
1809 1691 1868 1728 in-

552 1750 701 1787 stinctu
734 1750 879 1797 divino,
914 1762 984 1798 per
1008 1750 1183 1787 cautelas
1207 1751 1419 1786 mendaces
1444 1749 1635 1786 inducere
1658 1749 1865 1787 hominem
1882 1752 1922 1785 25

551 1818 595 1845 ut
628 1808 677 1844 sit
710 1809 846 1846 frater.

291 1883 316 1902 2.
337 1874 422 1902 “Not
440 1875 514 1911 only
610 1868 795 1903 Secundo
827 1865 1000 1903 obicitur
1031 1878 1102 1913 per
1133 1867 1209 1903 hoc
1242 1867 1352 1914 quod
1384 1878 1467 1902 esse
1505 1866 1672 1902 fratrem
1713 1866 1863 1902 nedum
1904 1869 1945 1901 D.

274 1910 531 1972 §lr'fasstsstefff'tssr
552 1933 608 1961 est
631 1926 782 1961 bonum
807 1926 855 1961 de
878 1936 1035 1972 genere,
1069 1926 1138 1961 sed
1171 1925 1323 1961 bonum
1346 1923 1503 1960 virtutis
1526 1925 1576 1960 ad
1600 1925 1708 1972 quod
1732 1932 1865 1960 movet

264 1979 500 2042 eVffOObffitstffffs
521 1984 667 2041 adeus:
701 1995 794 2031 ergo
826 1983 985 2019 salubre
1019 1991 1076 2018 est
1108 1983 1158 2019 ad
1190 1982 1289 2018 illud
1322 1984 1471 2018 bonurn
1505 1982 1639 2018 anime
1681 1981 1866 2018 excitare.

273 2036 349 2077 stat'e
369 2049 405 2089 of⁴
420 2049 528 2084 virtue,
553 2041 622 2077 Pia
659 2041 780 2089 igitur
822 2041 929 2077 fraus
968 2040 1071 2076 foret
1115 2039 1346 2089 proximum
1386 2042 1436 2076 ad
1484 2041 1606 2076 talem
1652 2039 1867 2076 cristianis·
1884 2044 1925 2077 30

294 2084 504 2146 tczqugfflghbagn
554 2112 664 2135 mum
696 2099 897 2144 inducere,
937 2098 1005 2134 ubi
1037 2097 1077 2134 in
1109 2098 1290 2146 ingressu
1322 2098 1424 2135 foret
1455 2098 1574 2146 plena
1606 2107 1864 2146 peccatorum

312 2154 490 2182 exhorted'’.
554 2157 750 2203 remissio,
797 2157 836 2194 in
881 2168 1096 2204 progressu
1141 2157 1242 2193 foret
1288 2155 1419 2192 meriti
1464 2155 1699 2202 maioracio‚
1746 2166 1783 2192 et
1826 2155 1867 2192 in

555 2228 715 2264 egressu
747 2216 862 2262 foret,
896 2223 1030 2263 preter
1066 2214 1272 2263 spirituale
1319 2214 1553 2262 suffragium
1593 2213 1866 2260 fraternitatis,

270 2281 300 2311 1f
317 2291 361 2317 80,
383 2290 422 2309 no
443 2281 531 2321 FDriar
553 2274 671 2322 plena
703 2273 921 2312 absolucio.
957 2273 1201 2309 Blasfemum
1233 2272 1354 2320 igitur
1386 2273 1487 2308 foret
1519 2272 1559 2308 in
1592 2272 1676 2308 istis
1708 2271 1867 2319 spiritui

277 2318 527 2386 cffefflgagfffiffclg'
554 2341 693 2369 sancto
726 2332 923 2369 resistere.
959 2330 1034 2367 Hic
1058 2339 1168 2378 patet
1191 2332 1300 2379 quod
1322 2330 1465 2366 falsum
1500 2329 1730 2366 assumitur.
1764 2331 1865 2366 Nam
1884 2333 1923 2366 35

275 2387 460 2450 Πξῃῑὲὃξῐέξθ
473 2387 530 2450 ἵὲξξά
555 2390 586 2426 si
619 2402 703 2427 esse
735 2390 900 2426 fratrem
934 2398 1037 2426 esset
1071 2390 1221 2425 bonum
1254 2388 1425 2434 virtutis,
1461 2400 1551 2424 cum
1585 2400 1704 2424 nemo
1737 2396 1867 2436 potest

350 2456 455 2484 virtue.
556 2448 665 2485 abuti
708 2447 867 2493 virtute,
912 2447 974 2484 vel
1017 2460 1108 2483 cum
1153 2447 1221 2483 illa
1268 2445 1494 2494 dampnari,
1535 2445 1716 2494 sequitur
1759 2446 1868 2494 quod

556 2514 752 2555 repugnat
784 2505 860 2554 legi
899 2505 961 2542 dei
1000 2506 1108 2555 quod
1141 2504 1286 2554 aliquis
1318 2504 1440 2540 frater
1473 2512 1611 2552 peccet
1643 2504 1868 2540 mortaliter

554 2565 614 2600 vel
648 2566 913 2612 dampnatur3
954 2575 1205 2611 consequens
1239 2562 1493 2600 blasfemum.
1541 2563 1602 2598 Ad
1636 2561 1866 2598 cristianam

627 2730 646 2750 1.
674 2726 793 2757 reputat
818 2723 856 2749 A.
966 2728 994 2756 9.
1021 2721 1173 2748 absolut’e
1197 2722 1240 2754 A;
1269 2720 1307 2747 ib.
1335 2727 1461 2754 regnum
1489 2719 1523 2747 C.
1631 2727 1673 2748 xo.
1699 2719 1786 2763 fatejj
1806 2718 1869 2745 AB.

558 2787 592 2808 11.
612 2780 696 2819 ogs-ter
715 2780 858 2843 agos-toli,
879 2779 1011 2818 ahblaynk
1028 2778 1199 2817 space—AC..
1274 2785 1312 2805 12.
1334 2777 1392 2815 fide
1407 2785 1468 2812 pro
1490 2776 1601 2812 spiritu
1621 2776 1667 2810 A;
1687 2776 1725 2803 ib.
1747 2766 1809 2814 9‘'*n·tq
1830 2776 1868 2814 A.

557 2822 603 2849 29.
619 2819 711 2850 igitur
758 2825 765 2848 ς
786 2815 823 2842 rb.
839 2814 975 2842 ex'citan
990 2824 1022 2836 =
1036 2817 1196 2841 exercitari
1211 2813 1249 2840 A.
1297 2811 1342 2839 30.
1359 2814 1444 2839 fraus
1458 2811 1545 2839 deest
1556 2811 1588 2838 Β.
1612 2846 1615 2849 ¹
1638 2810 1683 2842 30,
1698 2810 1737 2839 31.
1751 2815 1870 2838 cnsua-

559 2849 722 2911 nissimgm
744 2850 782 2877 A.
856 2848 897 2876 33.
929 2852 1030 2884 preter
1059 2849 1143 2875 deest
1162 2848 1208 2881 A;
1237 2852 1338 2883 preter
1358 2846 1517 2882 spirituale
1537 2846 1673 2873 officmm
1695 2846 1740 2872 vel
1762 2845 1869 2872 suffra-

558 2892 642 2919 gium
693 2906 698 2910 .
