2067 3298
204 232 282 267 232

220 357 342 383 shurers
362 355 391 381 in
413 354 462 380 the

224 390 353 425 worldly
374 390 461 423 glory

211 426 274 452 that
296 424 468 452 surrouuds

204 460 237 494 it,
258 460 316 487 and
340 459 431 494 ready
446 463 477 484 to

211 503 321 523 excuse
341 494 363 521 it
382 494 412 520 in
434 493 470 520 all

286 530 399 564 things.

232 763 289 789 But
309 762 379 796 they
400 768 454 786 ean

222 799 294 833 only
314 796 392 823 exalt
412 795 461 821 the

215 833 331 860 Roman
353 830 409 868 See
431 830 467 864 by

249 867 381 901 obeying
402 868 439 891 its

301 902 386 928 lavvs.

221 937 314 965 Some
334 935 368 962 of
384 935 469 961 these

232 972 297 999 deal
320 970 392 996 with
413 969 464 995 the

233 1005 402 1034 beliaviour
421 1003 455 1029 of

249 1042 300 1068 the
321 1039 440 1074 regular

235 1077 347 1111 clergy,
369 1081 458 1111 some

224 1111 297 1137 with
318 1117 403 1144 ways
424 1108 455 1134 ot

216 1146 330 1182 getting
351 1150 472 1181 money,

216 1181 274 1208 and
296 1187 381 1206 some
401 1177 474 1215 with

216 1217 266 1243 the
287 1214 385 1241 duties
405 1214 436 1239 ot
457 1220 472 1238 a

233 1251 373 1277 virtuous
394 1247 453 1275 life.

265 1400 351 1435 They
372 1407 422 1425 are

271 1434 417 1468 certainly

214 1469 352 1506 opposed
374 1473 405 1495 to
425 1468 475 1494 the

218 1506 298 1539 first;
319 1512 352 1531 as
372 1508 402 1530 to
423 1502 473 1528 the

237 1539 361 1571 second,
382 1538 452 1572 they

240 1583 290 1602 are
310 1572 450 1604 divided;

225 1609 284 1637 and
304 1610 375 1643 they
390 1608 464 1641 keep

267 1644 379 1671 silence
400 1651 432 1669 as

249 1678 374 1717 regards
394 1677 443 1704 tlie

248 1713 329 1741 third
352 1713 441 1739 class.

290 2038 420 2067 Rich-ard

262 2073 440 2108 Fitz-Ralpli

220 2111 322 2145 points
342 2109 404 2136 this
425 2113 488 2135 out.

276 2144 321 2171 He
343 2152 428 2179 says:

231 2188 252 2206 1.
267 2179 334 2206 The
356 2179 420 2205 rule
440 2178 474 2204 of

258 2213 302 2242 St.
325 2213 453 2240 Francis

259 2248 367 2275 orders
389 2248 435 2274 his

929 236 1151 267 JOHANNIS
1180 235 1364 265 WYCLIF
1623 231 1712 259 CAP.
1735 231 1800 258 XV.

493 345 715 381 cardinales
744 352 781 378 et
808 342 980 378 avaricia
1009 341 1241 389 turpissima
1271 341 1374 376 illius
1403 340 1511 376 curie
1538 339 1727 386 irretitos,
1764 352 1807 375 ex

493 415 665 451 quorum
690 401 870 448 exemplo
895 413 984 436 cum
1009 399 1088 436 suis
1113 398 1376 447 complicibus
1401 397 1558 446 capitur
1577 397 1745 434 audacia
1771 407 1806 433 et

494 459 700 496 excusacio
722 459 762 494 in
778 458 964 506 peccatis.
989 459 1088 494 Cum
1112 457 1256 493 talibus
1272 457 1408 504 itaque
1430 456 1610 503 insigniis
1636 456 1808 492 exaltant

495 517 661 563 curiam,
686 516 786 553 sicut
806 516 1003 560 diabolus,
1029 515 1237 552 excitando
1262 516 1311 550 ad
1336 514 1473 550 mundi
1489 526 1693 561 prospera,
1718 526 1808 561 pro-

495 584 607 612 curat
625 575 679 611 eis
696 574 835 610 mundi
850 574 1039 621 gloriam3
1055 586 1135 610 non
1151 573 1206 609 sic
1219 573 1370 609 Cristus
1379 572 1439 608 vel
1454 572 1513 608 sui
1529 571 1698 619 apostoli
1717 584 1807 607 cum

496 633 613 670 matri
643 632 818 668 filiorum
839 632 1009 668 Zebedei
1033 631 1218 679 promisit
1240 630 1280 666 in
1302 630 1392 666 filiis
1408 629 1605 678 passionis
1627 629 1807 665 calicem.

553 690 741 736 Ulterius,
777 703 867 726 cum
901 690 1005 726 idem
1042 689 1091 725 sit
1115 690 1287 724 exaltare
1312 688 1461 724 dictam
1486 688 1639 723 curiam
1665 696 1702 723 et
1726 687 1808 723 eius

495 751 600 797 leges
634 748 819 796 proprias
852 760 1021 793 servare,
1055 747 1271 783 videndum
1297 755 1353 782 est
1377 747 1580 794 quomodo
1604 746 1745 781 fratres
1769 758 1808 781 se

496 809 643 844 habent
667 808 716 842 ad
741 806 1042 842 observanciam
1063 807 1205 841 harum
1222 805 1370 852 legum.
1398 806 1472 840 Pro
1489 816 1568 852 quo
1584 804 1807 839 notandum

496 866 604 914 quod
630 877 769 901 earum
794 864 1002 900 diversitas
1036 873 1093 899 est
1116 862 1383 899 trimembris:
1417 871 1460 898 ut
1485 861 1618 909 alique
1641 870 1809 909 tangunt

497 922 847 960 conversacionem
864 922 1032 958 fratrum
1051 931 1087 957 et
1104 921 1509 969 possessionatorum,
1527 919 1659 967 alique
1676 929 1806 955 autem

496 989 664 1029 tangunt
688 980 781 1016 cleri
805 989 1013 1028 questum3
1039 981 1107 1015 sed
1132 979 1264 1027 alique
1288 978 1472 1025 religiose
1495 986 1665 1026 tangunt
1688 977 1809 1013 ritum

497 1041 723 1076 honestum.
748 1038 983 1085 Exemplum
1009 1037 1136 1085 prime
1160 1046 1216 1072 est
1240 1036 1338 1072 illud
1361 1032 1407 1072 6ti
1433 1035 1657 1072 decretalis.
1681 1035 1811 1071 “Exiit

497 1098 565 1146 qui
588 1096 786 1133 seminat'⁷
813 1105 850 1132 et
873 1096 969 1131 illud
996 1095 1034 1131 in
1057 1094 1317 1131 clementinis.
1345 1094 1481 1130 “Exivi
1506 1095 1553 1129 de
1576 1093 1807 1141 paradiso.''

496 1156 733 1203 Exemplum
770 1149 804 1190 Ξῖ
840 1163 897 1190 est
941 1154 1039 1189 illud
1076 1149 1121 1189 5ti
1155 1153 1343 1189 decretal.
1393 1152 1563 1188 “Omnis
1600 1151 1810 1199 utriusque

497 1214 651 1250 sexus.⁷'
677 1215 725 1248 Et
748 1212 847 1248 illud
872 1214 917 1248 60
943 1213 990 1247 de
1014 1210 1230 1258 rescriptis,
1257 1210 1326 1247 “Si
1351 1210 1547 1246 duobus.’'
1573 1210 1809 1257 Exemplum

500 1267 542 1308 3ii
578 1280 635 1307 est
667 1270 765 1306 illud
798 1271 845 1306 de
878 1269 1117 1306 inmunitate
1151 1269 1328 1315 ecclesie,
1364 1272 1431 1305 630
1462 1267 1639 1304 “Decet''
1671 1267 1711 1303 in
1749 1269 1808 1303 60.

498 1331 704 1375 Quantum
729 1329 779 1365 ad
803 1328 975 1376 primam
1002 1327 1234 1373 maneriem,
1266 1327 1407 1363 fratres
1432 1326 1641 1362 manifeste
1666 1338 1810 1373 repug-

497 1396 611 1431 nant;
647 1395 842 1435 quantum
878 1387 927 1422 ad
954 1390 1028 1421 2²¹¹n
1059 1385 1289 1421 differenter
1323 1384 1510 1428 audiunt3
1545 1393 1581 1419 et
1613 1392 1808 1431 quantum

497 1447 547 1482 ad
568 1446 640 1481 3am
663 1444 900 1481 neutraliter
921 1445 1218 1481 obmutescunt.
1245 1445 1333 1488 Quo
1357 1444 1406 1478 ad
1431 1442 1605 1490 primum
1623 1441 1811 1477 scribitur

499 1506 544 1541 6Ο
579 1502 838 1539 decretalium
874 1501 1016 1548 “Exiit,
1058 1502 1125 1550 qui
1165 1501 1376 1547 seminat'',
1425 1501 1631 1548 quomodo
1672 1499 1811 1547 religio

497 1562 664 1598 fratrum
701 1569 739 1597 et
770 1560 997 1608 specialiter
1029 1560 1231 1596 minorum
1267 1558 1450 1595 consistit
1481 1558 1520 1593 in
1553 1557 1812 1593 observancia

499 1619 693 1656 altissime
725 1618 987 1667 paupertatis,
1028 1627 1065 1653 et
1099 1619 1146 1654 ab
1180 1618 1245 1653 illa
1280 1630 1361 1653 non
1394 1616 1487 1652 licet
1521 1617 1676 1661 cadere,
1711 1615 1812 1651 sicut

499 1678 597 1714 nulli
637 1676 728 1713 licet
767 1690 788 1713 a
826 1676 1078 1724 perfeccione
1117 1675 1277 1723 incepta
1318 1674 1578 1711 diminuendo
1611 1675 1810 1710 recedere.

501 1738 550 1772 Et
592 1735 698 1771 istud
743 1734 922 1782 intelligo
968 1736 1014 1770 de
1055 1733 1207 1770 cunctis
1246 1733 1468 1770 ordinibus.
1516 1733 1666 1768 Omnes
1706 1731 1810 1768 enim

504 1795 649 1830 debent
694 1794 743 1829 ad
788 1792 1081 1840 perfeccionem
1126 1792 1295 1828 fratrum
1344 1791 1545 1827 minorum
1592 1791 1812 1826 secundum

504 1864 617 1888 suam
658 1851 968 1898 possibilitatem
1008 1850 1199 1898 aspirare,
1238 1850 1331 1886 licet
1369 1849 1408 1885 in
1443 1848 1584 1884 ritibus
1617 1848 1811 1897 varietur3

504 1909 734 1958 oppositum
769 1918 904 1945 tamen
938 1910 1054 1945 docet
1087 1908 1259 1944 ocularis
1293 1906 1554 1955 experiencia.

563 1970 610 2004 Et
644 1968 820 2003 declarat
852 1975 1013 2003 sanctus
1047 1966 1240 2002 Ricardns
1274 1965 1484 2013 episcopus
1517 1965 1812 2010 Ardmacanus,

505 2026 545 2062 in
578 2027 754 2074 quodam
788 2037 971 2061 sermone
1005 2024 1072 2073 qui
1105 2024 1160 2060 sic
1192 2023 1352 2072 incipit:
1379 2025 1534 2059 “Nemo
1557 2034 1626 2058 vos
1649 2024 1814 2058 seducat

505 2084 692 2120 inanibus
716 2083 886 2120 verbis''.
922 2082 1123 2119 Francisci
1156 2081 1303 2130 inquit:
1340 2081 1505 2129 “regula
1537 2079 1707 2128 precipit
1738 2080 1814 2116 fra-

504 2142 630 2178 tribus
653 2144 703 2178 ad
726 2142 802 2178 hoc
824 2141 989 2189 ydoneis
1006 2141 1202 2191 laborare,
1227 2149 1263 2176 et
1278 2139 1399 2188 ipsos,
1423 2147 1590 2175 vacante
1605 2137 1813 2181 laboricio,

504 2200 641 2237 statuit
675 2199 916 2236 mendicare.
950 2201 1005 2235 Ex
1027 2211 1107 2248 quo
1130 2198 1287 2235 videtur
1310 2199 1419 2246 quod
1443 2195 1693 2233 mendicacio
1715 2195 1814 2232 nulli

572 2330 592 2349 1.
623 2322 724 2349 cinere
753 2323 790 2349 A.
900 2321 924 2349 5.
959 2321 1067 2348 mundi
1096 2320 1225 2354 gloriam
1256 2321 1341 2347 deest
1368 2320 1404 2346 A.
1521 2317 1559 2345 13.
1590 2323 1636 2345 est
1665 2318 1750 2345 deest
1775 2319 1814 2345 A.

502 2365 543 2388 14.
559 2357 718 2384 clementis
734 2358 777 2390 A3
794 2357 832 2383 ih.
848 2356 941 2383 exivit
956 2364 1059 2383 omnes
1073 2355 1165 2383 MSS.
1230 2355 1265 2382 15.
1282 2355 1315 2382 5ῑἰ
1330 2354 1402 2381 illud
1419 2354 1503 2380 deest
1516 2353 1553 2387 ss;
1569 2353 1607 2380 ib.
1624 2353 1813 2380 decretamA.

501 2392 542 2419 25.
558 2392 757 2427 intelligendo
771 2392 810 2419 A.
883 2389 922 2418 31.
945 2391 1110 2425 ardinocao
1132 2392 1170 2417 A.
1244 2388 1286 2416 32.
1307 2390 1432 2416 vocacio
1454 2390 1491 2415 A.

577 2453 626 2485 13.
642 2453 733 2484 Sexti
748 2452 859 2491 Decr.,
874 2452 897 2482 l.
911 2452 953 2491 V,
968 2452 1018 2482 tit.
1040 2461 1088 2491 12,
1109 2461 1136 2482 c.
1154 2451 1183 2483 3.
1286 2460 1334 2490 14.
1350 2449 1449 2480 Decr.
1467 2449 1588 2488 Clem.‚
1603 2448 1625 2480 l.
1639 2449 1681 2488 V,
1696 2449 1745 2479 tit.
1766 2458 1814 2487 11,

503 2509 530 2530 c·
556 2509 582 2530 1.
683 2497 732 2530 16.
747 2499 847 2530 Decr.
868 2498 981 2539 Greg,
1001 2498 1023 2528 1.
1042 2498 1080 2536 ll,
1099 2498 1149 2528 tit.
1170 2495 1223 2536 28,
1244 2507 1271 2527 c.
1292 2507 1322 2537 7„
1424 2494 1472 2526 18.
1488 2495 1581 2526 Sexti
1599 2495 1709 2533 Decr.,
1725 2494 1746 2525 l.
1762 2495 1814 2533 Ill,

501 2546 550 2575 tit.
579 2545 631 2583 23,
659 2555 686 2576 e.
715 2555 744 2575 2.
848 2545 900 2577 31.
937 2544 1130 2576 Francisci.
1169 2542 1274 2584 Eigbt
1306 2542 1421 2583 points
1454 2551 1510 2572 are
1546 2542 1649 2582 given
1673 2540 1755 2571 here
1782 2540 1816 2570 in

502 2591 617 2622 which
643 2591 700 2622 the
727 2591 952 2622 Franciscans
979 2600 1035 2621 are
1061 2590 1134 2620 said
1160 2596 1195 2619 to
1222 2590 1341 2630 depart
1367 2587 1456 2618 from
1483 2587 1541 2618 the
1567 2587 1640 2618 rule
1667 2586 1706 2617 of
1728 2585 1817 2617 their

503 2637 679 2675 Founder,
699 2637 885 2678 according
903 2643 938 2667 to
960 2635 1167 2677 Fitz—Ralph
1188 2636 1267 2676 (See
1293 2634 1347 2665 De
1366 2634 1565 2675 Apostasia,
1584 2643 1616 2675 p.
1637 2632 1689 2672 36,
1718 2633 1812 2672 note)

504 2683 564 2714 but
590 2684 599 2714 I
628 2694 682 2714 am
710 2689 771 2713 not
788 2683 883 2724 quite
909 2693 987 2713 sure
1006 2682 1122 2713 where
1141 2682 1197 2712 the
1218 2681 1400 2722 quotation
1427 2680 1523 2711 ends.
1551 2681 1577 2711 It
1595 2689 1673 2721 may
1693 2679 1815 2709 extend

503 2736 538 2759 to
564 2729 620 2760 the
648 2730 713 2760 end
741 2729 779 2760 of
802 2729 859 2760 the
886 2728 1036 2770 chapter,
1063 2728 1146 2759 with
1166 2727 1318 2759 remarks
1338 2726 1427 2757 from
1442 2725 1816 2768 Wyclifinterpolated

504 2775 585 2806 here
613 2776 678 2806 and
705 2775 817 2811 there3
845 2785 898 2805 we
925 2776 1011 2806 need
1039 2782 1099 2805 not
1125 2785 1211 2805 even
1244 2783 1396 2815 suppose
1424 2783 1489 2814 any
1507 2772 1591 2803 such
1611 2771 1764 2802 remarks
1782 2778 1816 2801 to

505 2823 600 2852 exist.
639 2821 847 2862 Fitz-Ralph
874 2831 945 2852 was
973 2831 990 2852 a
1021 2831 1103 2863 very
1132 2820 1344 2851 determined
1373 2825 1552 2860 opponent
1577 2818 1616 2849 of
1637 2817 1694 2848 the
1721 2818 1817 2848 Men-

506 2868 621 2898 dicant
647 2867 772 2898 Friars.

1829 875 1867 896 10

1831 1154 1866 1186 15

1830 1735 1870 1767 25
