2067 3298
200 227 249 261 82
924 228 1148 260 JOHANNIS
1174 227 1360 260 WYCLIF
1642 223 1731 251 CAP.
1751 222 1805 249 v1.

487 337 554 372 sed
577 336 709 383 plane,
734 334 861 370 salute
885 343 1085 382 reparata,
1109 342 1223 370 tanto
1246 333 1407 370 uberius
1430 332 1465 368 ei
1490 331 1644 380 gracias
1667 339 1804 379 ageret

487 407 609 442 quam
645 392 778 428 minus
812 392 845 428 ei
876 391 1104 440 pepercisse
1137 391 1337 428 sensisset.
1371 392 1502 438 Atque
1525 389 1619 438 quia
1643 389 1805 437 quibus-

487 454 579 488 dam
603 450 679 486 ista
706 463 787 486 non
808 458 989 498 prosunt,
1014 450 1211 497 numquid
1234 449 1324 485 ideo
1341 449 1575 496 negligenda
1592 446 1804 491 medicina,

487 509 581 558 quia
613 521 693 545 non
728 508 945 544 multorum
981 516 1039 544 est
1071 507 1260 544 sanabilis
1294 505 1551 555 pestilencia?
1584 507 1690 550 Ideo,
1724 516 1806 540 non

487 566 618 604 omnis
651 565 718 614 qui
752 565 881 613 parcit
914 565 1067 602 amicus
1107 574 1177 611 est,
1223 577 1296 601 nec
1334 564 1465 601 omnis
1506 563 1572 612 qui
1611 563 1839 599 wulnerat5

487 625 686 662 inimicus.
721 624 890 659 Meliora
923 624 1021 659 enim
1053 631 1141 660 sunt
1174 624 1348 659 wulnera
1380 621 1506 665 amici,
1539 633 1651 670 quam
1676 620 1806 656 oscula
1833 611 1946 674 xpifflj

487 683 639 719 inimici.
675 681 817 718 Melius
841 681 1005 730 quidem
1040 690 1098 718 est
1131 694 1223 717 cum
1257 680 1469 717 severitate
1493 679 1659 727 diligere
1683 690 1805 726 quam
1893 680 1906 708 5
1951 667 1957 679 ’

488 754 577 777 cum
602 740 767 776 lenitate
790 740 987 787 decipere.
1011 739 1156 776 Utilius
1181 738 1285 775 enim
1304 737 1492 775 esurienti
1507 737 1622 785 panis
1640 736 1807 782 tollitur,

487 799 518 835 si
553 800 600 834 de
633 798 723 834 cibo
767 810 930 834 securus
973 796 1174 833 iusticiam
1217 796 1406 845 negligat,
1442 808 1564 844 quam
1609 794 1807 831 esuriente

488 857 603 905 panis
634 855 846 903 frangitur,
879 864 922 891 ut
955 855 1155 891 iniusticie
1186 856 1374 891 seductus
1407 853 1653 902 adquiescat.
1688 854 1808 888 Putas
1828 868 1867 889 10

488 914 692 951 neminem
726 915 871 950 debere
905 913 991 961 cogi
1025 915 1074 949 ad
1114 913 1329 958 iusticiam,
1371 925 1461 948 cum
1502 912 1611 959 legas
1651 919 1806 958 patrem

489 972 661 1009 familias
694 972 837 1008 dixisse
869 971 1010 1008 servis:
1052 971 1309 1021 Quoscumque
1341 970 1563 1006 inveneritis
1595 969 1722 1019 cogite
1754 969 1809 1003 in-
1833 958 1962 1021 xixtloe'ss

489 1031 629 1067 trare?
1908 1015 1914 1028 ⁷

228 1094 295 1122 The
316 1099 440 1129 present
548 1091 602 1124 Ex
634 1087 719 1124 istis
753 1100 843 1124 cum
877 1088 982 1124 facto
1015 1096 1124 1135 patet
1157 1100 1277 1136 quam
1318 1085 1478 1134 spissim
1520 1086 1580 1122 lex
1614 1083 1732 1121 Cristi
1773 1092 1810 1120 et
1849 1088 1886 1120 C.

247 1129 371 1156 scandal
392 1128 427 1155 of
511 1147 518 1153 .
626 1146 632 1152 .
879 1145 886 1151 .
1148 1145 1155 1151 .
1209 1145 1215 1151 .
1260 1145 1266 1150 .
1389 1144 1395 1150 .
1428 1143 1435 1149 .
1853 1146 1864 1151 ,

207 1165 422 1191 endowments
443 1163 469 1190 is
490 1160 545 1183 sic
569 1148 723 1183 Cristus
755 1155 969 1194 spernitur,
1004 1155 1041 1181 et
1063 1147 1269 1182 Anticristl
1292 1146 1464 1181 tradiclo
1489 1144 1697 1180 exaltatur.
1732 1143 1809 1178 Sed
1830 1157 1866 1178 12

202 1198 588 1270 mggys‘tffissffig'sff'ypsal.
638 1214 701 1240 20.
748 1203 954 1240 scribitur:
1007 1204 1314 1253 Disrumpamus
1361 1202 1512 1238 vincula
1562 1214 1695 1237 eorum
1746 1201 1808 1236 Ad
1832 1204 1958 1244 Ps.11‚3

201 1268 647 1308 eilberassumingtantum
693 1262 799 1298 enim
847 1261 1031 1298 diabolus
1074 1261 1229 1298 seduxit
1277 1260 1397 1297 Cristi
1443 1259 1653 1296 ecclesiam
1699 1259 1809 1306 quod

201 1303 472 1367 ῑᾞὲζὲῐοῃψῗςῖἓζ
493 1321 628 1357 fideles
660 1320 803 1356 timent
835 1319 910 1356 sibi
944 1319 1083 1367 exequi
1116 1320 1243 1367 legem
1279 1318 1399 1355 Cristi
1432 1326 1598 1366 propter
1630 1315 1809 1353 fallacias

219 1373 455 1444 tfssssnngssessssgssffi
493 1378 708 1415 anticristi:
749 1377 940 1423 fallacias,
988 1377 1091 1422 dico,
1132 1377 1226 1426 quia
1264 1375 1513 1425 impossibile
1552 1383 1610 1411 est
1644 1386 1810 1422 arguere

209 1444 244 1471 be
265 1452 298 1470 as
318 1444 389 1478 they
408 1450 469 1475 are,
492 1438 602 1485 quod
647 1437 753 1472 clero
801 1435 921 1472 Cristi
969 1435 1199 1472 dominacio
1244 1434 1367 1471 civilis
1414 1434 1463 1470 sit
1512 1433 1659 1478 debita,
1714 1431 1811 1480 quin
1828 1446 1870 1467 20

203 1487 237 1506 or
254 1477 471 1547 gigarthghgffftact
491 1503 775 1543 argumentum
801 1493 962 1530 deficiat
993 1492 1035 1529 in
1058 1493 1228 1530 materia
1249 1494 1311 1529 vel
1343 1492 1383 1528 in
1406 1492 1556 1537 forma;
1590 1490 1684 1539 quia
1706 1502 1812 1526 nunc

209 1548 401 1609 ἀῑδῑῃξξζξΐζῑῗ
422 1547 471 1573 1¹¹⁰
491 1553 635 1589 falsum
681 1551 912 1598 assumitur,
966 1552 1075 1599 quod
1128 1550 1269 1587 mundi
1320 1549 1522 1598 principes
1573 1548 1812 1586 ordinarunt

493 1611 643 1647 clerum
679 1609 799 1647 Cristi
831 1609 964 1646 taliter
997 1609 1211 1655 dominari,
1258 1618 1295 1645 et
1334 1621 1440 1644 nunc
1475 1620 1519 1644 ex
1550 1606 1811 1643 ordinacione

494 1668 713 1705 elemosine
752 1676 945 1715 perpetue
984 1666 1251 1703 informaliter
1290 1665 1546 1703 concluditur
1579 1665 1687 1713 quod
1718 1664 1812 1700 licet

494 1726 650 1763 clericis
688 1725 983 1762 secularissime
1028 1737 1266 1762 consumere
1312 1723 1551 1761 elemosinas
1591 1723 1645 1759 eis
1684 1724 1868 1759 datas.25

495 1784 675 1821 Primum
728 1783 889 1833 quidem
944 1793 1001 1821 est
1052 1783 1211 1830 falsum,
1266 1796 1356 1819 cum
1418 1781 1557 1818 mundi
1609 1780 1813 1829 principes

495 1856 577 1879 non
615 1841 868 1887 ordinarunt,
902 1843 971 1878 sed
1015 1843 1321 1890 perturbarunt3
1367 1853 1449 1876 non
1488 1847 1773 1876 concesserunt
1807 1834 1811 1890 l
1849 1852 1896 1883 44

496 1903 564 1937 sed
598 1908 930 1948 presumpserunt
972 1908 1111 1936 contra
1152 1900 1280 1947 legem
1326 1898 1389 1935 dei
1427 1899 1499 1934 hec
1542 1896 1649 1943 fieri;
1694 1905 1731 1933 et
1770 1908 1813 1932 ex

495 1959 613 1995 titulo
652 1958 868 1995 elemosine
901 1960 1038 2007 (quam
1079 1966 1237 2006 oportet
1281 1956 1464 2004 intelligi)
1506 1955 1715 1991 manifeste
1755 1953 1813 1989 in-

498 2018 623 2053 fertur
676 2030 765 2053 cum
819 2016 935 2063 veris,
995 2017 1104 2064 quod
1156 2015 1354 2052 seculares
1411 2013 1565 2050 domini
1618 2012 1814 2060 impedire
1830 2026 1872 2049 oo

499 2076 646 2111 debent
678 2087 727 2111 ne
763 2074 903 2110 discoli
926 2074 1007 2110 suis
1031 2073 1259 2110 elemosinis
1288 2072 1421 2109 taliter
1443 2073 1675 2108 abutantur.
1705 2070 1814 2106 Licet

499 2142 633 2170 autem
669 2132 723 2168 eis
762 2133 810 2169 de
849 2132 929 2169 suis
963 2131 1191 2168 elemosinis
1232 2130 1495 2167 iustificandis
1530 2128 1813 2172 intromittere,

227 2198 341 2237 Which
363 2196 466 2224 lastis
499 2191 594 2240 quia
626 2191 741 2227 aliter
761 2204 843 2227 non
868 2199 1121 2227 remanerent
1154 2188 1383 2226 elemosine.
1419 2189 1495 2224 Sed
1519 2188 1569 2224 ad
1593 2186 1813 2223 elacionem

216 2232 474 2302 evigicgictelymfgiysffi
500 2261 684 2298 persone,
718 2261 794 2298 que
827 2249 929 2285 foret
950 2247 1201 2296 spiritualior
1224 2256 1260 2283 et
1284 2247 1409 2295 magis
1433 2254 1634 2291 extranea,
1667 2246 1815 2281 habent

258 2302 386 2338 appoint
407 2306 437 2328 to
502 2308 706 2353 interesse,
738 2316 782 2343 ut
814 2315 925 2355 patet
958 2319 1001 2342 ex
1033 2306 1119 2354 lege
1153 2305 1288 2354 papali
1323 2314 1360 2341 et
1392 2305 1516 2349 facto;
1561 2315 1655 2351 ergo
1690 2302 1815 2338 multo
1832 2305 1872 2338 35

222 2339 386 2365 benefices:
409 2336 479 2369 and,

213 2372 417 2412 1finterested
440 2379 478 2398 on
504 2365 629 2413 magis
663 2366 713 2401 ad
746 2365 975 2401 faciendum
1009 2363 1215 2412 propriam
1251 2362 1513 2399 elemosinam
1555 2360 1817 2398 conformiter

213 2407 480 2470 ogleeppgnghtzllilely
502 2423 577 2471 legi
616 2423 692 2459 dei.
741 2425 830 2459 Non
870 2423 976 2459 enim
1017 2431 1073 2458 est
1114 2421 1345 2458 anticristus
1385 2433 1475 2457 cum
1514 2420 1600 2468 lege
1639 2431 1710 2455 sua
1755 2431 1816 2454 ex-

503 2481 700 2517 celencior
714 2483 804 2517 Jesu
821 2481 965 2527 Cristo,
990 2481 1057 2516 sed
1083 2493 1172 2516 cum
1198 2479 1283 2527 ipse
1297 2479 1423 2516 voluit
1446 2480 1552 2514 bona
1575 2476 1815 2514 secularium

504 2551 712 2575 remanere
757 2538 832 2575 sibi
878 2537 1117 2574 elemosinas
1162 2537 1202 2573 in
1247 2537 1373 2574 libera
1419 2544 1618 2585 potestate
1663 2547 1814 2579 eorum,

504 2597 630 2633 eciam
650 2599 700 2633 ad
716 2598 1049 2642 subtrahendum,
1066 2605 1109 2631 ut
1129 2595 1310 2631 innuitur
1325 2596 1449 2632 Math.
1468 2605 1533 2641 21,
1559 2593 1815 2630 manifestum
1830 2605 1875 2636 40

576 2763 597 2784 1.
623 2754 751 2781 ulterius
778 2755 815 2781 A.
913 2762 942 2787 4.
971 2761 1031 2780 non
1059 2753 1214 2780 nullorum
1240 2751 1306 2779 AC.
1403 2751 1430 2779 S.
1457 2759 1568 2786 nempe
1588 2758 1650 2786 pro
1676 2750 1757 2777 enirn
1784 2749 1818 2777 C.

505 2796 543 2816 12.
570 2789 703 2824 cogitare
723 2789 755 2815 B.
859 2788 900 2815 16.
929 2792 956 2815 et
977 2787 1165 2823 proiciamus
1186 2792 1240 2814 etc.
1262 2788 1297 2814 C.
1398 2793 1445 2813 20.
1474 2794 1568 2821 quare
1589 2786 1623 2813 C,
1722 2792 1760 2812 21.
1788 2785 1818 2811 in

506 2823 614 2858 before
633 2824 732 2850 forma
754 2823 837 2850 deest
858 2823 917 2850 BC.
973 2830 1018 2855 24.
1040 2822 1190 2849 informit'
1205 2822 1240 2849 C.
1297 2820 1342 2848 30.
1363 2822 1438 2848 ve'is
1458 2822 1502 2854 A;
1524 2821 1571 2848 vis
1593 2821 1624 2847 B.
1682 2818 1722 2847 33.
1745 2820 1819 2846 elec-

507 2860 625 2886 cionem
649 2859 707 2885 Bc.
782 2857 827 2891 3³-
851 2866 929 2893 pape
946 2866 1007 2893 pro
1030 2865 1159 2892 persone
1180 2856 1214 2884 C.
1288 2855 1334 2892 39.
1356 2856 1494 2883 libertate
1514 2856 1551 2883 A.
