2067 3298
260 251 350 278 CAP.
371 250 422 278 ΠΙ-
730 252 789 283 DE
817 251 1124 283 BLASPHEMIA.

196 362 219 393 Ι.
259 358 477 395 immediate
510 357 673 394 obviant
705 357 780 405 legi
814 357 888 393 dei.
923 359 971 393 Et
1004 369 1076 404 pro
1106 357 1182 393 ista
1217 357 1421 393 sentencia
1457 357 1579 394 faciat

259 417 530 454 Crisostomus
563 428 683 463 opere
717 415 966 462 imperfecto,
1001 415 1147 451 omelia
1184 415 1220 465 5,
1260 423 1297 451 et
1330 415 1577 451 declaratum

259 483 315 511 est
353 474 393 510 in
433 474 510 510 fine
557 473 649 509 libri
693 472 820 509 tercii.
873 475 954 509 Nec
998 485 1177 521 unquam
1223 472 1485 509 evacuabitur
1529 475 1577 509 ab

259 532 425 569 ecclesia
449 532 524 568 ista
546 532 679 579 legum
700 530 921 576 blasfemia,
941 530 1136 578 quamdiu
1156 531 1322 567 ecclesia
1345 539 1422 567 stat
1444 531 1577 567 sedata

225 590 561 638 §temporalibus,
608 598 716 625 extra
760 588 995 636 religionem
1036 601 1158 637 quarn
1192 588 1346 625 Cristus
1384 588 1576 634 instituit3

257 648 352 696 quia
391 660 531 684 omnes
570 648 669 683 tales
707 655 868 694 satrape
908 646 1045 682 dicunt
1092 646 1286 694 implicite
1331 647 1440 695 quod
1485 654 1578 682 sunt

256 705 531 754 sapienciores
577 714 613 741 et
656 705 697 740 in
740 704 999 753 providencia
1044 704 1231 740 meliores
1276 704 1442 740 domino
1485 705 1577 740 Jesu

257 764 401 801 Cristo.
442 765 534 799 Ideo
574 762 670 799 dicit
702 762 993 799 Crisostomus:
1036 763 1196 807 “Non”,
1236 761 1380 810 inquit,
1416 766 1576 809 “potest

257 834 367 858 mens
401 822 578 857 humana
611 820 847 857 directicare
870 822 979 868 quod
1003 820 1205 868 sapiencia
1229 819 1361 856 divina
1386 819 1575 856 dictabat.

202 894 240 915 10
255 879 320 916 Sic
354 879 461 915 enim
494 878 550 915 ait
584 879 791 923 Salomon,
832 879 1014 925 proverb.
1053 878 1120 914 30:
1167 879 1253 913 Non
1292 878 1417 913 addas
1450 878 1577 913 verbis

120 930 235 981 prov.-
255 938 316 973 dei
347 950 414 973 nec
447 938 633 972 detrahas
666 936 761 972 vide.
805 936 902 981 Quis
937 935 1043 971 enim
1077 944 1135 972 est
1167 948 1286 972 ausus
1320 937 1405 981 hec,
1446 936 1576 971 facere

100 977 293 1031 XXX,03e
325 995 616 1043 sapienciorem
651 1007 772 1042 quam
797 1003 912 1041 putat
936 994 1107 1029 deum?'’
1143 994 1176 1029 O
1201 1006 1322 1041 quam
1347 993 1462 1029 multi
1486 1002 1578 1029 sunt

253 1052 435 1090 blasfemi
457 1052 533 1089 isto
557 1053 814 1089 anathemate
836 1051 1038 1088 innodati!
1064 1050 1158 1099 quia
1181 1063 1320 1088 omnes
1339 1051 1407 1099 qui
1431 1051 1575 1087 falsum

251 1111 312 1147 vel
335 1110 617 1147 irracionabile
640 1118 835 1158 statuunt,
852 1118 920 1146 aut
943 1118 1076 1157 preter
1099 1109 1358 1145 autoritatem
1378 1109 1575 1156 scripture

199 1173 325 1217 15pro
359 1181 504 1217 sponse
539 1167 659 1205 Cristi
693 1167 900 1215 regimine.

310 1229 464 1263 Debent
496 1226 617 1274 igitur
649 1227 877 1262 sacerdotes
901 1224 1020 1261 Cristi
1053 1225 1278 1271 fragmenta
1310 1223 1425 1272 panis
1449 1223 1574 1271 scrip-

155 1287 213 1322 38ιω
251 1293 339 1321 ture
368 1281 372 1338 Ι
402 1284 601 1332 colligere,
636 1291 673 1320 et
705 1295 850 1331 panem
883 1295 1127 1319 venenosum
1162 1291 1269 1318 extra
1293 1282 1377 1318 eius
1400 1282 1572 1318 formam

252 1342 428 1388 abicere;
464 1342 558 1391 quia
582 1341 698 1379 aliter
730 1354 812 1378 non
835 1341 1006 1377 induunt
1030 1341 1203 1377 formam
1229 1340 1347 1376 Cristi
1372 1339 1571 1387 discipuli,

251 1402 319 1436 secl
357 1400 626 1437 scelestissimi
665 1398 873 1436 anticristi.
920 1400 1021 1435 Cum
1062 1398 1167 1435 enim
1202 1398 1355 1435 Cristus
1394 1396 1575 1446 precepit

195 1473 236 1494 20
251 1458 442 1506 apostolis
465 1458 916 1509 colligerefragmenta,
936 1454 995 1493 'ne
1015 1464 1192 1506 pereant„
1224 1465 1267 1492 ut
1290 1465 1399 1504 patet
1421 1456 1507 1492 Joh.
1534 1456 1571 1493 6.

251 1518 325 1553 Per
373 1518 481 1565 quod
531 1525 696 1553 notatur
740 1516 962 1551 secundum
1008 1524 1179 1560 sanctos,
1226 1516 1335 1562 quod
1379 1513 1571 1562 prepositi

251 1575 429 1621 ecclesie,
469 1583 649 1622 gerentes
687 1573 815 1610 vicem
855 1574 1147 1621 apostolorum,
1194 1574 1340 1609 debent
1385 1571 1572 1619 colligere

252 1645 343 1669 cum
366 1632 638 1668 sollicitudine
660 1631 825 1668 subtiles
848 1643 984 1667 sensus
1007 1630 1047 1666 in
1070 1630 1269 1678 scriptura
1287 1630 1501 1678 inplicatos
1520 1630 1571 1665 ad

251 1692 497 1738 pascendum
517 1690 747 1735 ecclesiam,
768 1702 858 1725 cum
878 1698 1028 1735 autem,
1047 1690 1268 1725 secundum
1284 1688 1570 1736 Augustinum,

195 1752 235 1784 25
251 1748 291 1784 in
314 1748 513 1796 scriptura
536 1748 587 1785 sit
609 1748 740 1784 omnis
761 1747 920 1793 veritas,
946 1747 1012 1783 ille
1035 1748 1212 1794 prelatus
1236 1746 1355 1782 nimis
1379 1746 1571 1782 blasfeme

252 1808 480 1854 degenerat,
526 1806 608 1854 qui,
655 1805 821 1841 dimisso
860 1805 986 1853 ignito
1025 1806 1146 1841 verbo
1186 1804 1352 1850 domini,
1398 1803 1572 1840 intendit

252 1877 324 1912 pro
358 1866 560 1912 pascendo
594 1864 745 1912 populo
776 1863 907 1899 verbis
940 1862 1151 1899 fallacibus
1184 1862 1420 1898 adinventis.
1466 1864 1569 1897 Nam

116 1949 207 1980 Dent
251 1923 357 1959 idem
390 1923 493 1958 foret
526 1924 602 1959 hoc
633 1923 778 1971 facere,
820 1930 857 1957 et
897 1921 1121 1957 extollendo
1161 1920 1413 1956 anticristum
1449 1932 1572 1967 supra

120 1996 174 2035 lv,
195 1972 218 2026 2⁸
252 1982 385 2025 deum,
421 1980 597 2017 Cristurn
631 1981 826 2016 deserere.
861 1980 968 2023 Ideo,
1003 1979 1153 2015 deuter.
1181 1981 1249 2024 140
1280 1977 1500 2026 precipitur
1534 1985 1571 2013 et

196 2043 237 2075 30
252 2040 434 2087 proverb.
465 2038 534 2074 300
559 2037 754 2086 repetitur
776 2038 885 2085 quod
908 2038 1021 2072 homo
1046 2049 1110 2072 nec
1133 2037 1255 2071 addat
1277 2048 1343 2072 nec
1364 2036 1571 2072 subtrahat

254 2097 379 2132 verbis
412 2097 482 2132 dei.

324 2262 352 2287 9.
375 2254 522 2281 dircciarc
542 2254 587 2287 A3
615 2253 653 2279 ih.
675 2252 802 2280 dictabit
822 2253 855 2279 Β.
947 2260 981 2279 11.
1009 2238 1149 2279 defhas‘ffi
1170 2252 1207 2278 A.
1301 2257 1338 2277 12.
1366 2254 1450 2285 putat
1477 2257 1569 2284 quam

252 2297 355 2317 omnes
375 2289 465 2316 MSS.
592 2295 639 2321 24.
660 2288 742 2314 enim
757 2295 820 2322 pro
841 2291 943 2314 autem
964 2295 1069 2314 omnes
1089 2286 1180 2314 MSS.
1306 2285 1347 2312 25.
1369 2292 1455 2311 sacra
1476 2284 1516 2311 sit
1536 2284 1567 2310 B.

252 2325 298 2386 ἒξ
319 2324 466 2386 irffitlogic.
567 2331 611 2358 27.
633 2323 748 2357 populo
770 2322 852 2349 deest
870 2323 908 2348 A.
1019 2328 1065 2356 29.
1088 2321 1226 2348 Cristum
1248 2320 1331 2347 deest
1350 2320 1394 2353 A;
1422 2319 1459 2346 ih.
1480 2324 1515 2352 4⁰
1536 2319 1568 2345 B.

326 2476 375 2497 10.
408 2464 484 2496 The
510 2465 659 2506 Vulgate
691 2464 770 2495 has:
806 2464 858 2495 Ne
883 2463 1000 2494 addas
1033 2462 1222 2504 quidquam
1256 2460 1369 2493 verbis
1401 2460 1504 2498 illius,
1536 2464 1569 2491 et

252 2512 429 2554 arguaris,
456 2511 716 2552 inveniarisque
744 2510 912 2543 mendax.

1818 244 1861 278 51

1602 1228 1717 1256 Priests
1738 1230 1849 1257 should

1616 1263 1683 1290 seed
1705 1263 1836 1291 Christ⁷s

1636 1298 1716 1326 fiock
1734 1299 1811 1326 with

1636 1333 1741 1368 bread,
1763 1338 1817 1361 not

1615 1368 1743 1402 poisom
1768 1369 1833 1396 that

1653 1403 1745 1430 bread
1766 1403 1792 1431 is

1615 1436 1784 1473 Scripture,
1805 1438 1836 1465 in

1616 1472 1719 1500 which
1740 1472 1767 1500 is
1787 1473 1824 1500 all

1628 1508 1729 1535 truth:
1751 1508 1824 1535 such

1680 1550 1713 1569 as
1734 1542 1773 1569 do

1610 1576 1774 1604 otherwise
1794 1585 1845 1604 are

1613 1611 1835 1646 blasphemers.
