2067 3298
207 230 255 271 54
936 231 1157 262 JOHANNIS
1184 230 1369 262 wvcrir
1641 227 1729 254 CAP.
1751 226 1804 253 iv.

491 351 534 375 ex
566 338 769 386 spiritibus
814 337 959 385 quibus
1003 336 1291 372 letificarentur
1336 344 1373 372 et
1411 335 1694 372 alleviarentur
1726 335 1955 384 filiiPs.IV,3

491 396 685 432 hominum
724 395 845 446 gravi
880 395 1009 437 corde,
1055 393 1201 430 dicitur
1240 395 1422 441 proverb.
1461 394 1509 430 30
1548 393 1802 441 sanguisuga.

216 462 458 502 He'isaleech,
491 454 752 504 Sanguisuge,
797 451 940 500 inquit,
987 452 1059 487 due
1101 459 1188 487 sunt
1219 451 1307 500 filie
1340 452 1518 497 dicentes,
1551 452 1661 499 affer,
1695 451 1803 499 affer.

255 498 438 559 luddenmf
491 513 659 548 Constat
698 510 860 558 quidem
901 510 1008 557 quod
1042 508 1209 545 ecclesia
1249 508 1423 545 militans
1460 509 1626 545 resultat
1660 521 1704 544 ex
1736 521 1805 556 po-

244 532 383 559 marshes
403 540 421 559 o

204 567 395 602 corruption,
416 566 475 593 and
491 568 696 617 pularibus
729 577 936 615 tamquam
961 575 1079 612 terra,
1115 578 1157 602 ex
1182 566 1321 602 mundi
1345 567 1574 613 potentibus
1597 576 1804 614 tamquam

247 602 428 675 diitiglittii'ros:
490 626 620 674 lignis,
661 635 698 661 et
731 638 774 661 ex
808 624 962 661 clericis
995 633 1203 671 tamquam
1239 624 1382 659 herbis.
1430 624 1621 660 Diabolus
1655 633 1803 668 autem,

214 670 457 741 ¹¹5¹³tffi2¹n⁵gyfimd
494 685 620 720 latens
654 683 694 719 in
728 682 943 730 paludibus
975 682 1035 718 vel
1068 682 1165 718 locis
1199 681 1383 729 putridis,
1418 683 1537 718 habet
1570 683 1617 717 de
1651 681 1805 717 clericis

493 751 528 778 et
563 741 702 777 mundi
735 740 966 788 potentibus
1000 740 1098 775 duas
1131 752 1336 787 perversas
1360 739 1474 782 filias,
1509 739 1659 775 scilicet
1681 751 1806 787 yppo-

492 799 612 835 critas
647 807 682 834 et
715 807 940 845 tyrrannos.
976 797 1125 832 Cantus
1158 806 1292 833 autem
1327 809 1464 833 eorum
1501 797 1717 845 precipuus
1751 806 1808 832 est

490 868 657 904 scopare
680 856 889 903 populum,
915 854 1126 902 spoliando
1151 853 1282 902 ipsum
1306 854 1610 902 temporalibus,
1636 855 1806 890 dicendo

490 913 570 949 suis
604 913 831 961 tyronibus:
865 913 963 961 affer
994 913 1103 961 affer.
1153 914 1200 948 Et
1233 912 1335 948 sicut
1369 914 1531 949 arbusta
1564 912 1727 960 spinosa
1761 924 1806 948 ac

490 973 609 1007 herbe
655 970 859 1007 mortifere
905 972 952 1006 de
997 979 1103 1006 terra
1147 970 1374 1017 germinant
1426 980 1461 1006 et
1507 983 1577 1018 per
1622 970 1806 1006 accidens

489 1029 719 1076 proficiunt,
772 1028 863 1064 licet
908 1028 1079 1063 multum
1126 1027 1165 1063 in
1210 1027 1444 1075 particulari
1489 1028 1687 1073 officiant3
1718 1028 1721 1076 l
1751 1027 1806 1063 sic

489 1095 547 1123 est
581 1088 629 1122 de
663 1086 777 1122 dictis
810 1085 1030 1134 yppocritis
1064 1094 1100 1122 et
1133 1085 1318 1133 tyri-anis.

214 1153 271 1180 But
292 1153 340 1179 the
362 1153 453 1188 Pope,
547 1146 647 1181 Sunt
686 1153 818 1180 autem
855 1144 894 1179 in
934 1144 1040 1179 clero
1081 1143 1295 1179 duodecim
1330 1143 1409 1179 filie
1442 1143 1681 1191 sanguisuge
1715 1155 1805 1178 cum

211 1189 260 1214 the
281 1188 443 1214 Cardinals
539 1202 545 1207 ·
756 1202 761 1207 ·
795 1201 800 1207 -
996 1201 1002 1207 ·
1025 1201 1032 1206 -
1430 1200 1436 1205 .
1667 1201 1674 1206 .
1782 1200 1789 1205 .

198 1210 569 1256 ttiessishops‚t}{eSUIS
615 1203 897 1249 complicibus:
951 1202 1112 1247 scilicet,
1157 1213 1275 1249 papa,
1329 1202 1566 1246 cardinales,
1614 1213 1805 1248 episcopi,

217 1257 450 1327 fltfflcehgfffssiffigffiv
488 1259 776 1305 archidiaconi,
811 1259 1016 1305 officiales,
1052 1259 1203 1303 decani,
1239 1268 1426 1301 rectores,
1461 1258 1684 1306 presbiteri,
1722 1271 1805 1294 mo-

209 1327 258 1354 the
279 1327 384 1362 cleans,
405 1327 455 1354 the
487 1317 617 1362 nachi,
652 1317 806 1364 fratres,
831 1316 996 1362 ostiarii,
1028 1326 1066 1353 et
1088 1325 1308 1365 questores.
1343 1317 1420 1352 Sed
1443 1316 1552 1364 (quia
1576 1329 1744 1364 granum
1769 1326 1805 1352 et

234 1366 360 1431 ξιξὲζῖξζ
381 1362 432 1423 Ηζὲ
488 1376 603 1423 palea
626 1383 791 1423 possunt
814 1374 1006 1411 abscondi
1028 1376 1100 1410 sub
1123 1374 1205 1410 istis
1227 1374 1475 1418 nominibus)
1507 1374 1597 1410 ideo
1620 1386 1805 1421 suppono

196 1432 474 1493 friiiignltzli'etdhoeor-
489 1435 598 1480 quod
632 1434 679 1469 de
711 1432 1030 1480 pseudo-talibus
1063 1432 1131 1468 fiat
1163 1445 1308 1477 sermo,
1343 1433 1452 1479 quod
1486 1444 1528 1468 ex
1562 1444 1606 1468 eo
1634 1431 1805 1468 discerni

200 1488 474 1570 izeffleeg-tsopsngrghe
488 1490 636 1538 poterit
670 1492 776 1539 quod
810 1492 857 1526 de
890 1491 993 1526 fastu
1028 1498 1063 1526 et
1097 1499 1239 1538 questu
1270 1489 1500 1537 symoniace
1527 1499 1805 1537 procreantur.

198 1551 577 1597 alsooftneracezNOsl
617 1548 722 1585 enim
763 1548 853 1584 licet
892 1548 1103 1584 nominare
1142 1548 1201 1584 vel
1242 1557 1452 1595 acceptare
1492 1547 1670 1583 officium
1711 1546 1805 1583 cleri

198 1605 217 1631 i.
239 1613 265 1632 e.
285 1604 311 1631 if
328 1604 398 1640 they
417 1613 467 1632 are
487 1606 527 1642 in
562 1606 740 1651 ecclesia,
777 1605 852 1642 nisi
888 1607 935 1641 de
972 1614 1122 1654 quanto
1158 1606 1197 1641 in
1231 1606 1316 1653 lege
1352 1605 1473 1641 Cristi
1511 1605 1629 1641 fuerit
1663 1617 1807 1652 appro-

204 1644 464 1721 Bmcfiaepgany
488 1666 621 1710 batu83
661 1666 729 1701 sed
768 1675 928 1700 necesse
967 1672 1024 1699 est
1061 1672 1105 1699 ut
1144 1663 1339 1708 diabolus,
1383 1675 1553 1699 onerans
1597 1663 1805 1699 ecclesiam

209 1720 243 1746 of
261 1720 311 1746 “¹⁶³
331 1719 454 1747 Church
488 1735 578 1758 cum
602 1722 743 1758 ritibus
777 1731 813 1758 et
845 1721 1149 1770 temporalibus,
1183 1730 1321 1757 oneret
1344 1733 1431 1756 eam
1458 1720 1582 1757 eciam
1612 1733 1701 1756 cum
1727 1720 1806 1756 suis
1848 1723 1863 1755 5

198 1754 472 1816 Otiii‘iigffdivt‘iiethe
488 1780 706 1827 officiariis,
745 1779 813 1828 qui
854 1780 1043 1815 blasfeme
1082 1779 1256 1826 spolient
1294 1790 1489 1826 pauperes
1529 1788 1565 1814 et
1605 1778 1806 1825 simplices

217 1823 450 1893 Αῗζζῐᾞξεέῑέο
489 1838 625 1874 matris
642 1837 818 1875 ecclesie,
835 1836 1144 1874 Consideremus
1169 1849 1262 1884 ergo
1278 1846 1425 1872 statum
1445 1836 1804 1883 exproprietariurn

223 1893 448 1954 zerggssisstjstl1e
487 1896 607 1932 statui
631 1895 864 1932 innocencie
887 1894 1151 1944 simillimum,
1176 1907 1294 1942 quem
1320 1893 1473 1931 Cristus
1495 1893 1588 1929 vixit
1612 1902 1648 1929 et
1672 1893 1807 1930 docuit

223 1948 228 1953 “
371 1949 377 1961 7

211 1963 314 1989 others
335 1963 454 2001 arethe
487 1966 579 1989 suos
632 1954 834 2002 apostolos
887 1954 1109 1989 laborando
1163 1952 1425 2000 spiritualiter
1480 1953 1710 1991 observare:
1771 1961 1806 1987 et

229 1998 443 2060 aglssssisceffffsff
487 2011 799 2057 consideremus,
856 2019 954 2058 quot
1003 2010 1187 2047 officiarii
1236 2010 1276 2046 in
1326 2010 1430 2046 clero
1479 2009 1534 2045 sic
1580 2010 1805 2045 laborando

485 2069 661 2105 retinent
698 2069 818 2105 istum
858 2077 1020 2105 statum.
1067 2070 1115 2103 Et
1147 2076 1205 2104 tot
1238 2076 1328 2103 sunt
1367 2067 1501 2103 fideles
1535 2066 1636 2102 servi
1671 2066 1802 2103 Cristi.

485 2126 562 2162 Alii
608 2136 742 2163 autern
782 2136 874 2162 sunt
915 2125 1131 2174 complices
1175 2125 1393 2171 anticristi,
1445 2133 1482 2161 et
1529 2133 1685 2160 servata
1729 2124 1803 2160 ista

484 2184 702 2234 sentencia,
747 2197 827 2220 non
873 2192 1110 2220 oneraretur
1153 2183 1320 2219 ecclesia
1365 2195 1455 2219 cum
1496 2182 1726 2229 raptoribus
1767 2192 1803 2218 et

486 2241 646 2279 discolis
691 2241 979 2290 dissipantibus
1024 2241 1174 2277 scolam
1216 2240 1348 2277 Cristi.
1396 2239 1636 2287 Quicunque
1681 2240 1800 2289 enirn,

485 2309 652 2347 pensato
684 2312 756 2336 suo
791 2299 1013 2336 ministerio
1046 2311 1116 2347 per
1148 2311 1188 2334 se
1212 2297 1436 2334 edificativo
1461 2297 1638 2342 ecclesie,
1672 2297 1800 2345 ipsam
1820 2301 1834 2332 ’3

486 2357 658 2408 alleviat,
691 2370 771 2393 non
804 2366 984 2402 onustat3
1019 2365 1055 2392 et
1079 2356 1207 2404 ipsam
1237 2357 1456 2392 secundum
1480 2354 1585 2391 viam
1608 2354 1799 2391 virtutum

485 2415 607 2451 trahit
640 2417 689 2452 ad
724 2415 897 2461 celestia,
930 2427 1011 2450 non
1044 2413 1235 2462 deprimit
1267 2414 1316 2449 ad
1346 2422 1524 2449 terrena:
1565 2412 1709 2458 omnis,
1744 2413 1802 2449 in-

486 2485 621 2520 quam,
661 2472 751 2509 talis
791 2482 847 2509 est
886 2472 1013 2508 fidelis
1046 2484 1181 2508 servus
1215 2470 1333 2507 Cristi
1366 2479 1402 2506 et
1441 2470 1601 2506 adiutor
1634 2470 1798 2509 domini.

486 2542 531 2566 ac
555 2543 685 2578 penna
710 2531 907 2576 columbe,
944 2542 1021 2578 que
1044 2530 1172 2577 ipsam
1196 2529 1425 2565 transvehat
1454 2540 1525 2575 per
1550 2540 1658 2564 mare
1683 2528 1799 2564 huius

555 2730 575 2748 1.
597 2725 625 2748 et
645 2729 749 2749 omnes
768 2721 879 2753 MSS.,·
900 2722 939 2748 ib.
961 2721 1149 2748 litificaretur
1169 2721 1208 2747 A.
1264 2727 1289 2746 2.
1317 2718 1347 2746 30
1366 2720 1404 2746 A.
1462 2719 1485 2747 5.
1508 2719 1717 2754 potentatibus
1739 2718 1797 2745 BC.

486 2764 519 2783 11.
542 2756 606 2783 suis
626 2755 711 2783 deest
728 2757 766 2783 A.
834 2763 872 2783 21.
894 2760 1100 2791 procurantur
1121 2755 1154 2782 C.
1228 2761 1271 2781 22.
1293 2759 1452 2789 acceptare
1475 2754 1559 2781 deest
1578 2753 1612 2781 C.
1685 2761 1732 2787 24.
1754 2757 1798 2779 est

485 2813 570 2840 deest
586 2814 629 2847 A;
656 2814 693 2840 ib.
715 2814 869 2841 honeratis
888 2804 1002 2840 eccifim
1029 2812 1063 2840 C.
1154 2812 1198 2838 28.
1225 2811 1429 2839 falsissimum
1449 2811 1494 2844 A;
1521 2811 1714 2838 simillimum
1763 2818 1797 2837 ro

484 2847 687 2875 falsissimum
709 2848 743 2875 C.
815 2847 858 2876 35.
879 2847 1047 2875 edificative
1068 2847 1135 2877 AB:
1157 2846 1312 2873 edificacio
1334 2846 1368 2873 C.
1442 2844 1486 2873 38.
1508 2845 1614 2873 Christ
1633 2846 1717 2872 deest
1762 2844 1796 2872 C.

1846 386 1934 412 l'rov.

1822 420 1915 456 xxx,
1930 421 1955 449 15

1822 566 1838 598 5

1827 866 1864 887 IO

1827 1145 1863 1176 15

1824 1443 1865 1465 20
