<?xml version="1.0" encoding="UTF-8"?>
<!DOCTYPE html PUBLIC "-//W3C//DTD XHTML 1.0 Transitional//EN"
    "http://www.w3.org/TR/xhtml1/DTD/xhtml1-transitional.dtd">
<html xmlns="http://www.w3.org/1999/xhtml" xml:lang="en" lang="en">
 <head>
  <title>
</title>
<meta http-equiv="Content-Type" content="text/html;charset=utf-8" />
  <meta name='ocr-system' content='tesseract 3.04.00' />
  <meta name='ocr-capabilities' content='ocr_page ocr_carea ocr_par ocr_line ocrx_word'/>
</head>
<body>
  <div class='ocr_page' id='page_1' title='image "./tractatusdeblasp00wycl_0070.png"; bbox 0 0 2067 3298; ppageno 0'>
   <div class='ocr_carea' id='block_1_1' title="bbox 175 225 1782 263">
    <p class='ocr_par' dir='ltr' id='par_1_1' title="bbox 175 225 1782 263">
     <span class='ocr_line' id='line_1_1' title="bbox 175 225 1782 263; baseline -0.011 5"><span class='ocrx_word' id='word_1_1' title='bbox 175 229 225 263; x_wconf 79' lang='lat'>26</span> <span class='ocrx_word' id='word_1_2' title='bbox 904 228 1129 261; x_wconf 77' lang='lat' dir='ltr'>JOHANNis</span> <span class='ocrx_word' id='word_1_3' title='bbox 1156 228 1342 259; x_wconf 75' lang='lat' dir='ltr'>WYCLIF</span> <span class='ocrx_word' id='word_1_4' title='bbox 1634 225 1723 252; x_wconf 61' lang='lat' dir='ltr'>cm.</span> <span class='ocrx_word' id='word_1_5' title='bbox 1745 226 1782 252; x_wconf 76' lang='grc' dir='ltr'>υ.</span> 
     </span>
    </p>
   </div>
   <div class='ocr_carea' id='block_1_2' title="bbox 273 334 1782 385">
    <p class='ocr_par' dir='ltr' id='par_1_2' title="bbox 273 334 1782 385">
     <span class='ocr_line' id='line_1_2' title="bbox 273 334 1782 385; baseline -0.004 -9"><span class='ocrx_word' id='word_1_6' title='bbox 273 348 351 376; x_wconf 83' lang='lat' dir='ltr'>This</span> <span class='ocrx_word' id='word_1_7' title='bbox 467 338 581 376; x_wconf 91' lang='lat' dir='ltr'>multi</span> <span class='ocrx_word' id='word_1_8' title='bbox 616 351 705 374; x_wconf 89' lang='lat' dir='ltr'>cum</span> <span class='ocrx_word' id='word_1_9' title='bbox 741 337 862 385; x_wconf 76' lang='lat' dir='ltr'>signis</span> <span class='ocrx_word' id='word_1_10' title='bbox 896 335 976 372; x_wconf 89' lang='lat' dir='ltr'>suis</span> <span class='ocrx_word' id='word_1_11' title='bbox 1010 336 1208 371; x_wconf 89' lang='lat' dir='ltr'>seducunt</span> <span class='ocrx_word' id='word_1_12' title='bbox 1242 334 1468 381; x_wconf 81' lang='lat' dir='ltr'>ecclesiam,</span> <span class='ocrx_word' id='word_1_13' title='bbox 1503 334 1569 382; x_wconf 87' lang='lat' dir='ltr'>qui</span> <span class='ocrx_word' id='word_1_14' title='bbox 1596 334 1782 382; x_wconf 82' lang='lat' dir='ltr'>ignorant</span> 
     </span>
    </p>
   </div>
   <div class='ocr_carea' id='block_1_3' title="bbox 199 384 1781 446">
    <p class='ocr_par' dir='ltr' id='par_1_3' title="bbox 199 384 1781 446">
     <span class='ocr_line' id='line_1_3' title="bbox 199 384 1781 446; baseline -0.002 -15"><span class='ocrx_word' id='word_1_15' title='bbox 199 384 425 445; x_wconf 51' lang='grc' dir='ltr'>(ξιξὲἓζξᾟζξίᾞ</span> <span class='ocrx_word' id='word_1_16' title='bbox 466 396 630 446; x_wconf 85' lang='lat' dir='ltr'>propria</span> <span class='ocrx_word' id='word_1_17' title='bbox 676 395 955 432; x_wconf 88' lang='lat' dir='ltr'>instrumenta.</span> <span class='ocrx_word' id='word_1_18' title='bbox 1004 395 1154 429; x_wconf 81' lang='lat' dir='ltr'>Revera</span> <span class='ocrx_word' id='word_1_19' title='bbox 1192 393 1336 429; x_wconf 84' lang='lat' dir='ltr'>Paulus</span> <span class='ocrx_word' id='word_1_20' title='bbox 1381 402 1546 440; x_wconf 84' lang='lat' dir='ltr'>propter</span> <span class='ocrx_word' id='word_1_21' title='bbox 1580 392 1781 429; x_wconf 81' lang='lat' dir='ltr'>infinitum</span> 
     </span>
    </p>
   </div>
   <div class='ocr_carea' id='block_1_4' title="bbox 174 449 1781 515">
    <p class='ocr_par' dir='ltr' id='par_1_4' title="bbox 174 449 1781 515">
     <span class='ocr_line' id='line_1_4' title="bbox 174 449 1781 515; baseline -0.004 -23"><span class='ocrx_word' id='word_1_22' title='bbox 174 462 264 488; x_wconf 58' lang='lat'><strong>&amp;¹0⁵³</strong></span> <span class='ocrx_word' id='word_1_23' title='bbox 285 453 450 515; x_wconf 42' lang='lat' dir='ltr'>{ghor-auce</span> <span class='ocrx_word' id='word_1_24' title='bbox 467 455 598 492; x_wconf 90' lang='lat' dir='ltr'>minus</span> <span class='ocrx_word' id='word_1_25' title='bbox 634 454 784 490; x_wconf 91' lang='lat' dir='ltr'>malum</span> <span class='ocrx_word' id='word_1_26' title='bbox 818 451 1126 489; x_wconf 88' lang='lat' dir='ltr'>simulacionem</span> <span class='ocrx_word' id='word_1_27' title='bbox 1153 450 1258 486; x_wconf 83' lang='lat' dir='ltr'>Petri</span> <span class='ocrx_word' id='word_1_28' title='bbox 1292 450 1332 486; x_wconf 91' lang='lat' dir='ltr'>in</span> <span class='ocrx_word' id='word_1_29' title='bbox 1356 449 1500 486; x_wconf 86' lang='lat' dir='ltr'>faciem</span> <span class='ocrx_word' id='word_1_30' title='bbox 1525 450 1599 486; x_wconf 89' lang='lat' dir='ltr'>sibi</span> <span class='ocrx_word' id='word_1_31' title='bbox 1623 450 1781 492; x_wconf 66' lang='lat' dir='ltr'>restitit,</span> 
     </span>
    </p>
   </div>
   <div class='ocr_carea' id='block_1_5' title="bbox 183 508 1783 619">
    <p class='ocr_par' dir='ltr' id='par_1_5' title="bbox 183 508 1783 619">
     <span class='ocr_line' id='line_1_5' title="bbox 183 508 1783 563; baseline -0.004 -13"><span class='ocrx_word' id='word_1_32' title='bbox 183 521 425 550; x_wconf 82' lang='lat' dir='ltr'>dissimulation.</span> <span class='ocrx_word' id='word_1_33' title='bbox 466 514 552 563; x_wconf 79' lang='lat' dir='ltr'>quia</span> <span class='ocrx_word' id='word_1_34' title='bbox 600 511 911 561; x_wconf 77' lang='lat' dir='ltr'>reprehensibilis</span> <span class='ocrx_word' id='word_1_35' title='bbox 955 517 1052 553; x_wconf 81' lang='lat' dir='ltr'>erat,</span> <span class='ocrx_word' id='word_1_36' title='bbox 1099 518 1140 544; x_wconf 91' lang='lat' dir='ltr'>ut</span> <span class='ocrx_word' id='word_1_37' title='bbox 1187 508 1333 544; x_wconf 88' lang='lat' dir='ltr'>dicitur</span> <span class='ocrx_word' id='word_1_38' title='bbox 1374 509 1448 556; x_wconf 78' lang='lat' dir='ltr'>gal.</span> <span class='ocrx_word' id='word_1_39' title='bbox 1491 509 1680 546; x_wconf 90' lang='lat' dir='ltr'>secundo.</span> <span class='ocrx_word' id='word_1_40' title='bbox 1735 510 1783 544; x_wconf 88' lang='lat' dir='ltr'>Et</span> 
     </span>
     <span class='ocr_line' id='line_1_6' title="bbox 466 566 1646 619; baseline -0.005 -12"><span class='ocrx_word' id='word_1_41' title='bbox 466 579 575 619; x_wconf 87' lang='lat' dir='ltr'>patet</span> <span class='ocrx_word' id='word_1_42' title='bbox 607 578 843 606; x_wconf 85' lang='lat' dir='ltr'>vocatorum</span> <span class='ocrx_word' id='word_1_43' title='bbox 883 567 1053 604; x_wconf 90' lang='lat' dir='ltr'>militum</span> <span class='ocrx_word' id='word_1_44' title='bbox 1089 566 1209 602; x_wconf 88' lang='lat' dir='ltr'>Cristi</span> <span class='ocrx_word' id='word_1_45' title='bbox 1243 566 1414 601; x_wconf 88' lang='lat' dir='ltr'>infidelis</span> <span class='ocrx_word' id='word_1_46' title='bbox 1446 566 1646 602; x_wconf 89' lang='lat' dir='ltr'>vecordia.</span> 
     </span>
    </p>
   </div>
   <div class='ocr_carea' id='block_1_6' title="bbox 207 624 1783 673">
    <p class='ocr_par' dir='ltr' id='par_1_6' title="bbox 207 624 1783 673">
     <span class='ocr_line' id='line_1_7' title="bbox 207 624 1783 673; baseline -0.004 -7"><span class='ocrx_word' id='word_1_47' title='bbox 207 639 304 666; x_wconf 85' lang='lat' dir='ltr'>Lucre</span> <span class='ocrx_word' id='word_1_48' title='bbox 325 637 350 664; x_wconf 82' lang='lat' dir='ltr'>is</span> <span class='ocrx_word' id='word_1_49' title='bbox 371 637 422 664; x_wconf 77' lang='lat' dir='ltr'>the</span> <span class='ocrx_word' id='word_1_50' title='bbox 523 627 645 665; x_wconf 89' lang='lat' dir='ltr'>Cuius</span> <span class='ocrx_word' id='word_1_51' title='bbox 679 639 798 663; x_wconf 90' lang='lat' dir='ltr'>causa</span> <span class='ocrx_word' id='word_1_52' title='bbox 828 634 885 662; x_wconf 91' lang='lat' dir='ltr'>est</span> <span class='ocrx_word' id='word_1_53' title='bbox 919 625 1013 673; x_wconf 87' lang='lat' dir='ltr'>quia</span> <span class='ocrx_word' id='word_1_54' title='bbox 1046 633 1218 672; x_wconf 86' lang='lat' dir='ltr'>querunt</span> <span class='ocrx_word' id='word_1_55' title='bbox 1242 624 1399 660; x_wconf 89' lang='lat' dir='ltr'>lucrum</span> <span class='ocrx_word' id='word_1_56' title='bbox 1434 625 1719 671; x_wconf 78' lang='lat' dir='ltr'>temporalium</span> <span class='ocrx_word' id='word_1_57' title='bbox 1748 633 1783 660; x_wconf 91' lang='lat' dir='ltr'>et</span> 
     </span>
    </p>
   </div>
   <div class='ocr_carea' id='block_1_7' title="bbox 193 672 1784 741">
    <p class='ocr_par' dir='ltr' id='par_1_7' title="bbox 193 672 1784 741">
     <span class='ocr_line' id='line_1_8' title="bbox 193 672 1784 741; baseline -0.004 -17"><span class='ocrx_word' id='word_1_58' title='bbox 193 672 434 741; x_wconf 38' lang='lat' dir='ltr'>Cgssssgessssfflegff</span> <span class='ocrx_word' id='word_1_59' title='bbox 466 700 547 723; x_wconf 91' lang='lat' dir='ltr'>non</span> <span class='ocrx_word' id='word_1_60' title='bbox 571 686 738 722; x_wconf 90' lang='lat' dir='ltr'>salutem</span> <span class='ocrx_word' id='word_1_61' title='bbox 765 684 823 721; x_wconf 90' lang='lat' dir='ltr'>sui</span> <span class='ocrx_word' id='word_1_62' title='bbox 840 684 900 720; x_wconf 89' lang='lat' dir='ltr'>vel</span> <span class='ocrx_word' id='word_1_63' title='bbox 924 682 1087 727; x_wconf 86' lang='lat' dir='ltr'>subditi,</span> <span class='ocrx_word' id='word_1_64' title='bbox 1114 681 1215 717; x_wconf 89' lang='lat' dir='ltr'>sicut</span> <span class='ocrx_word' id='word_1_65' title='bbox 1238 694 1311 717; x_wconf 91' lang='lat' dir='ltr'>nec</span> <span class='ocrx_word' id='word_1_66' title='bbox 1328 682 1551 718; x_wconf 81' lang='lat' dir='ltr'>docendam</span> <span class='ocrx_word' id='word_1_67' title='bbox 1578 681 1668 718; x_wconf 86' lang='lat' dir='ltr'>fidei</span> <span class='ocrx_word' id='word_1_68' title='bbox 1684 681 1784 717; x_wconf 83' lang='lat' dir='ltr'>veri-</span> 
     </span>
    </p>
   </div>
   <div class='ocr_carea' id='block_1_8' title="bbox 223 740 1783 805">
    <p class='ocr_par' dir='ltr' id='par_1_8' title="bbox 223 740 1783 805">
     <span class='ocr_line' id='line_1_9' title="bbox 223 740 1783 805; baseline -0.004 -23"><span class='ocrx_word' id='word_1_69' title='bbox 223 742 398 805; x_wconf 48' lang='lat' dir='ltr'>fflffissvtffl}</span> <span class='ocrx_word' id='word_1_70' title='bbox 466 754 601 781; x_wconf 91' lang='lat' dir='ltr'>tatem.</span> <span class='ocrx_word' id='word_1_71' title='bbox 639 744 756 788; x_wconf 86' lang='lat' dir='ltr'>Quod</span> <span class='ocrx_word' id='word_1_72' title='bbox 779 742 810 778; x_wconf 92' lang='lat' dir='ltr'>si</span> <span class='ocrx_word' id='word_1_73' title='bbox 835 740 1058 778; x_wconf 87' lang='lat' dir='ltr'>Cristianus</span> <span class='ocrx_word' id='word_1_74' title='bbox 1081 740 1336 775; x_wconf 79' lang='lat' dir='ltr'>subtraheret</span> <span class='ocrx_word' id='word_1_75' title='bbox 1359 740 1465 775; x_wconf 91' lang='lat' dir='ltr'>bona</span> <span class='ocrx_word' id='word_1_76' title='bbox 1489 752 1560 776; x_wconf 90' lang='lat' dir='ltr'>sua</span> <span class='ocrx_word' id='word_1_77' title='bbox 1584 752 1605 775; x_wconf 92' lang='lat' dir='ltr'>a</span> <span class='ocrx_word' id='word_1_78' title='bbox 1629 740 1783 788; x_wconf 83' lang='lat' dir='ltr'>prelato</span> 
     </span>
    </p>
   </div>
   <div class='ocr_carea' id='block_1_9' title="bbox 205 797 1783 848">
    <p class='ocr_par' dir='ltr' id='par_1_9' title="bbox 205 797 1783 848">
     <span class='ocr_line' id='line_1_10' title="bbox 205 797 1783 848; baseline -0.003 -10"><span class='ocrx_word' id='word_1_79' title='bbox 205 812 300 847; x_wconf 78' lang='lat' dir='ltr'>ought</span> <span class='ocrx_word' id='word_1_80' title='bbox 321 815 374 838; x_wconf 86' lang='lat' dir='ltr'>not</span> <span class='ocrx_word' id='word_1_81' title='bbox 394 815 424 837; x_wconf 86' lang='lat' dir='ltr'>to</span> <span class='ocrx_word' id='word_1_82' title='bbox 466 801 617 838; x_wconf 84' lang='lat' dir='ltr'>infideli</span> <span class='ocrx_word' id='word_1_83' title='bbox 640 809 682 836; x_wconf 89' lang='lat' dir='ltr'>ut</span> <span class='ocrx_word' id='word_1_84' title='bbox 706 812 879 848; x_wconf 78' lang='lat' dir='ltr'>pagano,</span> <span class='ocrx_word' id='word_1_85' title='bbox 914 806 1066 847; x_wconf 86' lang='lat' dir='ltr'>quanto</span> <span class='ocrx_word' id='word_1_86' title='bbox 1099 797 1225 845; x_wconf 75' lang='lat' dir='ltr'>magis</span> <span class='ocrx_word' id='word_1_87' title='bbox 1249 799 1297 834; x_wconf 90' lang='lat' dir='ltr'>ab</span> <span class='ocrx_word' id='word_1_88' title='bbox 1322 797 1538 833; x_wconf 79' lang='lat' dir='ltr'>infideliori</span> <span class='ocrx_word' id='word_1_89' title='bbox 1563 797 1783 833; x_wconf 88' lang='lat' dir='ltr'>domestico</span> 
     </span>
    </p>
   </div>
   <div class='ocr_carea' id='block_1_10' title="bbox 204 846 1784 909">
    <p class='ocr_par' dir='ltr' id='par_1_10' title="bbox 204 846 1784 909">
     <span class='ocr_line' id='line_1_11' title="bbox 204 846 1784 909; baseline -0.004 -12"><span class='ocrx_word' id='word_1_90' title='bbox 204 846 427 909; x_wconf 47' lang='lat' dir='ltr'>sffefffflgssshgsse</span> <span class='ocrx_word' id='word_1_91' title='bbox 467 861 554 908; x_wconf 90' lang='lat' dir='ltr'>plus</span> <span class='ocrx_word' id='word_1_92' title='bbox 599 858 760 895; x_wconf 74' lang='lat' dir='ltr'>nocivo!</span> <span class='ocrx_word' id='word_1_93' title='bbox 808 859 894 905; x_wconf 89' lang='lat' dir='ltr'>Ipse</span> <span class='ocrx_word' id='word_1_94' title='bbox 939 856 1044 892; x_wconf 91' lang='lat' dir='ltr'>enim</span> <span class='ocrx_word' id='word_1_95' title='bbox 1089 868 1169 891; x_wconf 88' lang='lat' dir='ltr'>non</span> <span class='ocrx_word' id='word_1_96' title='bbox 1209 856 1325 891; x_wconf 91' lang='lat' dir='ltr'>docet</span> <span class='ocrx_word' id='word_1_97' title='bbox 1364 855 1482 891; x_wconf 89' lang='lat' dir='ltr'>fidem</span> <span class='ocrx_word' id='word_1_98' title='bbox 1523 857 1591 891; x_wconf 88' lang='lat' dir='ltr'>sed</span> <span class='ocrx_word' id='word_1_99' title='bbox 1630 855 1784 892; x_wconf 90' lang='lat' dir='ltr'>fabulas</span> 
     </span>
    </p>
   </div>
   <div class='ocr_carea' id='block_1_11' title="bbox 182 912 1785 1198">
    <p class='ocr_par' dir='ltr' id='par_1_11' title="bbox 182 912 1785 1198">
     <span class='ocr_line' id='line_1_12' title="bbox 182 912 1785 966; baseline -0.004 -11"><span class='ocrx_word' id='word_1_100' title='bbox 182 917 279 944; x_wconf 73' lang='lat' dir='ltr'>fabies</span> <span class='ocrx_word' id='word_1_101' title='bbox 298 915 357 942; x_wconf 81' lang='lat' dir='ltr'>and</span> <span class='ocrx_word' id='word_1_102' title='bbox 379 914 442 942; x_wconf 79' lang='lat' dir='ltr'>lies.</span> <span class='ocrx_word' id='word_1_103' title='bbox 467 927 587 966; x_wconf 87' lang='lat' dir='ltr'>atque</span> <span class='ocrx_word' id='word_1_104' title='bbox 621 915 843 961; x_wconf 89' lang='lat' dir='ltr'>mendacia,</span> <span class='ocrx_word' id='word_1_105' title='bbox 878 927 951 950; x_wconf 90' lang='lat' dir='ltr'>nec</span> <span class='ocrx_word' id='word_1_106' title='bbox 985 913 1185 950; x_wconf 78' lang='lat' dir='ltr'>ministrat</span> <span class='ocrx_word' id='word_1_107' title='bbox 1223 922 1476 950; x_wconf 86' lang='lat' dir='ltr'>sacramenta</span> <span class='ocrx_word' id='word_1_108' title='bbox 1516 912 1785 949; x_wconf 88' lang='lat' dir='ltr'>ecclesiastica</span> 
     </span>
     <span class='ocr_line' id='line_1_13' title="bbox 466 971 1783 1019; baseline -0.005 -7"><span class='ocrx_word' id='word_1_109' title='bbox 466 977 535 1012; x_wconf 90' lang='lat' dir='ltr'>sed</span> <span class='ocrx_word' id='word_1_110' title='bbox 573 986 738 1019; x_wconf 78' lang='lat' dir='ltr'>venena,</span> <span class='ocrx_word' id='word_1_111' title='bbox 784 986 888 1018; x_wconf 90' lang='lat' dir='ltr'>cum,</span> <span class='ocrx_word' id='word_1_112' title='bbox 934 972 1056 1008; x_wconf 91' lang='lat' dir='ltr'>stulto</span> <span class='ocrx_word' id='word_1_113' title='bbox 1101 971 1280 1017; x_wconf 78' lang='lat' dir='ltr'>stulcior,</span> <span class='ocrx_word' id='word_1_114' title='bbox 1326 971 1484 1019; x_wconf 80' lang='lat' dir='ltr'>ignorat</span> <span class='ocrx_word' id='word_1_115' title='bbox 1530 971 1783 1019; x_wconf 89' lang='lat' dir='ltr'>quiditatem,</span> 
     </span>
     <span class='ocr_line' id='line_1_14' title="bbox 465 1028 1785 1070; baseline -0.005 0"><span class='ocrx_word' id='word_1_116' title='bbox 465 1033 652 1070; x_wconf 88' lang='lat' dir='ltr'>virtutem</span> <span class='ocrx_word' id='word_1_117' title='bbox 687 1040 724 1068; x_wconf 92' lang='lat' dir='ltr'>et</span> <span class='ocrx_word' id='word_1_118' title='bbox 758 1031 855 1068; x_wconf 87' lang='lat' dir='ltr'>alias</span> <span class='ocrx_word' id='word_1_119' title='bbox 888 1029 1074 1067; x_wconf 86' lang='lat' dir='ltr'>veritates</span> <span class='ocrx_word' id='word_1_120' title='bbox 1108 1029 1364 1066; x_wconf 80' lang='lat' dir='ltr'>sacramenti.</span> <span class='ocrx_word' id='word_1_121' title='bbox 1399 1029 1492 1066; x_wconf 88' lang='lat' dir='ltr'>Sine</span> <span class='ocrx_word' id='word_1_122' title='bbox 1526 1041 1646 1065; x_wconf 84' lang='lat' dir='ltr'>causa</span> <span class='ocrx_word' id='word_1_123' title='bbox 1669 1028 1724 1065; x_wconf 87' lang='lat' dir='ltr'>ita</span> <span class='ocrx_word' id='word_1_124' title='bbox 1749 1037 1785 1064; x_wconf 89' lang='lat' dir='ltr'>et</span> 
     </span>
     <span class='ocr_line' id='line_1_15' title="bbox 467 1085 1783 1140; baseline -0.005 -12"><span class='ocrx_word' id='word_1_125' title='bbox 467 1090 613 1140; x_wconf 85' lang='lat' dir='ltr'>injuste</span> <span class='ocrx_word' id='word_1_126' title='bbox 636 1097 810 1137; x_wconf 85' lang='lat' dir='ltr'>occupat</span> <span class='ocrx_word' id='word_1_127' title='bbox 832 1090 938 1125; x_wconf 90' lang='lat' dir='ltr'>bona</span> <span class='ocrx_word' id='word_1_128' title='bbox 962 1087 1140 1134; x_wconf 84' lang='lat' dir='ltr'>ecclesie,</span> <span class='ocrx_word' id='word_1_129' title='bbox 1172 1100 1261 1123; x_wconf 91' lang='lat' dir='ltr'>cum</span> <span class='ocrx_word' id='word_1_130' title='bbox 1286 1088 1470 1124; x_wconf 89' lang='lat' dir='ltr'>cumulus</span> <span class='ocrx_word' id='word_1_131' title='bbox 1497 1085 1783 1135; x_wconf 83' lang='lat' dir='ltr'>temporalium</span> 
     </span>
     <span class='ocr_line' id='line_1_16' title="bbox 467 1145 1782 1198; baseline -0.004 -13"><span class='ocrx_word' id='word_1_132' title='bbox 467 1150 642 1198; x_wconf 86' lang='lat' dir='ltr'>prelatos</span> <span class='ocrx_word' id='word_1_133' title='bbox 667 1148 839 1184; x_wconf 83' lang='lat' dir='ltr'>infatuat</span> <span class='ocrx_word' id='word_1_134' title='bbox 863 1156 899 1183; x_wconf 92' lang='lat' dir='ltr'>et</span> <span class='ocrx_word' id='word_1_135' title='bbox 922 1146 1015 1183; x_wconf 87' lang='lat' dir='ltr'>facit</span> <span class='ocrx_word' id='word_1_136' title='bbox 1034 1158 1100 1182; x_wconf 88' lang='lat' dir='ltr'>eos</span> <span class='ocrx_word' id='word_1_137' title='bbox 1119 1145 1159 1182; x_wconf 90' lang='lat' dir='ltr'>in</span> <span class='ocrx_word' id='word_1_138' title='bbox 1175 1145 1308 1181; x_wconf 91' lang='lat' dir='ltr'>debito</span> <span class='ocrx_word' id='word_1_139' title='bbox 1324 1145 1446 1181; x_wconf 84' lang='lat' dir='ltr'>officii</span> <span class='ocrx_word' id='word_1_140' title='bbox 1463 1145 1524 1181; x_wconf 91' lang='lat' dir='ltr'>sui</span> <span class='ocrx_word' id='word_1_141' title='bbox 1550 1154 1782 1181; x_wconf 88' lang='lat' dir='ltr'>mutescere.</span> 
     </span>
    </p>
   </div>
   <div class='ocr_carea' id='block_1_12' title="bbox 241 1202 1784 1252">
    <p class='ocr_par' dir='ltr' id='par_1_12' title="bbox 241 1202 1784 1252">
     <span class='ocr_line' id='line_1_17' title="bbox 241 1202 1784 1252; baseline -0.003 -9"><span class='ocrx_word' id='word_1_142' title='bbox 241 1217 277 1243; x_wconf 85' lang='grc' dir='ltr'>ΙΙ.</span> <span class='ocrx_word' id='word_1_143' title='bbox 301 1216 390 1243; x_wconf 74' lang='lat' dir='ltr'>false</span> <span class='ocrx_word' id='word_1_144' title='bbox 525 1209 731 1252; x_wconf 85' lang='lat' dir='ltr'>Quantum</span> <span class='ocrx_word' id='word_1_145' title='bbox 765 1207 815 1242; x_wconf 92' lang='lat' dir='ltr'>ad</span> <span class='ocrx_word' id='word_1_146' title='bbox 848 1205 1084 1249; x_wconf 90' lang='lat' dir='ltr'>secundum,</span> <span class='ocrx_word' id='word_1_147' title='bbox 1125 1212 1236 1252; x_wconf 90' lang='lat' dir='ltr'>patet</span> <span class='ocrx_word' id='word_1_148' title='bbox 1269 1202 1542 1239; x_wconf 82' lang='lat' dir='ltr'>consideranti</span> <span class='ocrx_word' id='word_1_149' title='bbox 1577 1203 1683 1239; x_wconf 88' lang='lat' dir='ltr'>dicta</span> <span class='ocrx_word' id='word_1_150' title='bbox 1716 1203 1784 1238; x_wconf 88' lang='lat' dir='ltr'>ad-</span> 
     </span>
    </p>
   </div>
   <div class='ocr_carea' id='block_1_13' title="bbox 208 1251 1784 1313">
    <p class='ocr_par' dir='ltr' id='par_1_13' title="bbox 208 1251 1784 1313">
     <span class='ocr_line' id='line_1_18' title="bbox 208 1251 1784 1313; baseline -0.004 -10"><span class='ocrx_word' id='word_1_151' title='bbox 208 1251 424 1313; x_wconf 35' lang='lat' dir='ltr'>[naeghligcliesfbr</span> <span class='ocrx_word' id='word_1_152' title='bbox 466 1264 735 1302; x_wconf 87' lang='lat' dir='ltr'>versariorum</span> <span class='ocrx_word' id='word_1_153' title='bbox 783 1262 1085 1299; x_wconf 90' lang='lat' dir='ltr'>subtiliancium</span> <span class='ocrx_word' id='word_1_154' title='bbox 1126 1262 1166 1298; x_wconf 91' lang='lat' dir='ltr'>in</span> <span class='ocrx_word' id='word_1_155' title='bbox 1211 1261 1287 1298; x_wconf 92' lang='lat' dir='ltr'>ista</span> <span class='ocrx_word' id='word_1_156' title='bbox 1332 1261 1520 1307; x_wconf 86' lang='lat' dir='ltr'>materia;</span> <span class='ocrx_word' id='word_1_157' title='bbox 1566 1260 1659 1309; x_wconf 85' lang='lat' dir='ltr'>quia</span> <span class='ocrx_word' id='word_1_158' title='bbox 1708 1259 1784 1308; x_wconf 89' lang='lat' dir='ltr'>ipsi</span> 
     </span>
    </p>
   </div>
   <div class='ocr_carea' id='block_1_14' title="bbox 191 1318 1783 1391">
    <p class='ocr_par' dir='ltr' id='par_1_14' title="bbox 191 1318 1783 1391">
     <span class='ocr_line' id='line_1_19' title="bbox 191 1318 1783 1391; baseline -0.004 -30"><span class='ocrx_word' id='word_1_159' title='bbox 191 1321 440 1391; x_wconf 47' lang='lat' dir='ltr'>olgggttssgyn&#39;gffe</span> <span class='ocrx_word' id='word_1_160' title='bbox 468 1332 635 1372; x_wconf 88' lang='lat' dir='ltr'>propter</span> <span class='ocrx_word' id='word_1_161' title='bbox 669 1322 869 1358; x_wconf 87' lang='lat' dir='ltr'>defectum</span> <span class='ocrx_word' id='word_1_162' title='bbox 893 1320 974 1357; x_wconf 86' lang='lat' dir='ltr'>veri</span> <span class='ocrx_word' id='word_1_163' title='bbox 1008 1319 1193 1356; x_wconf 86' lang='lat' dir='ltr'>miraculi</span> <span class='ocrx_word' id='word_1_164' title='bbox 1226 1319 1396 1355; x_wconf 86' lang='lat' dir='ltr'>nefande</span> <span class='ocrx_word' id='word_1_165' title='bbox 1429 1318 1649 1355; x_wconf 87' lang='lat' dir='ltr'>subtiliant.</span> <span class='ocrx_word' id='word_1_166' title='bbox 1684 1320 1783 1354; x_wconf 89' lang='lat' dir='ltr'>Tres</span> 
     </span>
    </p>
   </div>
   <div class='ocr_carea' id='block_1_15' title="bbox 249 1376 1783 1430">
    <p class='ocr_par' dir='ltr' id='par_1_15' title="bbox 249 1376 1783 1430">
     <span class='ocr_line' id='line_1_20' title="bbox 249 1376 1783 1430; baseline -0.003 -13"><span class='ocrx_word' id='word_1_167' title='bbox 249 1391 284 1418; x_wconf 91' lang='lat' dir='ltr'>of</span> <span class='ocrx_word' id='word_1_168' title='bbox 300 1391 384 1417; x_wconf 78' lang='lat' dir='ltr'>three</span> <span class='ocrx_word' id='word_1_169' title='bbox 469 1381 633 1430; x_wconf 89' lang='lat' dir='ltr'>quidem</span> <span class='ocrx_word' id='word_1_170' title='bbox 666 1388 757 1416; x_wconf 89' lang='lat' dir='ltr'>sunt</span> <span class='ocrx_word' id='word_1_171' title='bbox 797 1380 954 1415; x_wconf 88' lang='lat' dir='ltr'>hereses</span> <span class='ocrx_word' id='word_1_172' title='bbox 994 1377 1033 1414; x_wconf 90' lang='lat' dir='ltr'>in</span> <span class='ocrx_word' id='word_1_173' title='bbox 1073 1377 1240 1414; x_wconf 89' lang='lat' dir='ltr'>materia</span> <span class='ocrx_word' id='word_1_174' title='bbox 1280 1378 1327 1413; x_wconf 89' lang='lat' dir='ltr'>de</span> <span class='ocrx_word' id='word_1_175' title='bbox 1368 1376 1597 1423; x_wconf 83' lang='lat' dir='ltr'>eukaristia,</span> <span class='ocrx_word' id='word_1_176' title='bbox 1638 1376 1783 1425; x_wconf 89' lang='lat' dir='ltr'>quibus</span> 
     </span>
    </p>
   </div>
   <div class='ocr_carea' id='block_1_16' title="bbox 182 1426 1782 1507">
    <p class='ocr_par' dir='ltr' id='par_1_16' title="bbox 182 1426 1782 1507">
     <span class='ocr_line' id='line_1_21' title="bbox 182 1426 1782 1507; baseline -0.005 -29"><span class='ocrx_word' id='word_1_177' title='bbox 182 1426 446 1507; x_wconf 51' lang='lat' dir='ltr'>prlincsiffilysgts.</span> <span class='ocrx_word' id='word_1_178' title='bbox 469 1449 553 1476; x_wconf 88' lang='lat' dir='ltr'>tota</span> <span class='ocrx_word' id='word_1_179' title='bbox 586 1439 647 1475; x_wconf 88' lang='lat' dir='ltr'>die</span> <span class='ocrx_word' id='word_1_180' title='bbox 680 1450 829 1474; x_wconf 87' lang='lat' dir='ltr'>nomen</span> <span class='ocrx_word' id='word_1_181' title='bbox 862 1436 1015 1473; x_wconf 90' lang='lat' dir='ltr'>domini</span> <span class='ocrx_word' id='word_1_182' title='bbox 1055 1436 1330 1472; x_wconf 86' lang='lat' dir='ltr'>blasfematur.</span> <span class='ocrx_word' id='word_1_183' title='bbox 1376 1435 1525 1471; x_wconf 89' lang='lat' dir='ltr'>Dicunt</span> <span class='ocrx_word' id='word_1_184' title='bbox 1564 1434 1670 1470; x_wconf 87' lang='lat' dir='ltr'>enim</span> <span class='ocrx_word' id='word_1_185' title='bbox 1710 1447 1782 1482; x_wconf 90' lang='lat' dir='ltr'>pro</span> 
     </span>
    </p>
   </div>
   <div class='ocr_carea' id='block_1_17' title="bbox 212 1479 1782 1545">
    <p class='ocr_par' dir='ltr' id='par_1_17' title="bbox 212 1479 1782 1545">
     <span class='ocr_line' id='line_1_22' title="bbox 212 1479 1782 1545; baseline -0.003 -12"><span class='ocrx_word' id='word_1_186' title='bbox 212 1507 276 1533; x_wconf 82' lang='lat' dir='ltr'>that</span> <span class='ocrx_word' id='word_1_187' title='bbox 296 1511 325 1533; x_wconf 82' lang='lat' dir='ltr'>at</span> <span class='ocrx_word' id='word_1_188' title='bbox 346 1479 418 1533; x_wconf 73' lang='lat' dir='ltr'>eacli</span> <span class='ocrx_word' id='word_1_189' title='bbox 471 1510 617 1545; x_wconf 81' lang='lat' dir='ltr'>magno</span> <span class='ocrx_word' id='word_1_190' title='bbox 651 1496 846 1532; x_wconf 87' lang='lat' dir='ltr'>miraculo</span> <span class='ocrx_word' id='word_1_191' title='bbox 886 1495 993 1543; x_wconf 87' lang='lat' dir='ltr'>quod</span> <span class='ocrx_word' id='word_1_192' title='bbox 1031 1493 1104 1542; x_wconf 83' lang='lat' dir='ltr'>ipsi</span> <span class='ocrx_word' id='word_1_193' title='bbox 1147 1506 1237 1530; x_wconf 91' lang='lat' dir='ltr'>cum</span> <span class='ocrx_word' id='word_1_194' title='bbox 1279 1494 1353 1529; x_wconf 90' lang='lat' dir='ltr'>deo</span> <span class='ocrx_word' id='word_1_195' title='bbox 1394 1493 1625 1536; x_wconf 86' lang='lat' dir='ltr'>conficiunt,</span> <span class='ocrx_word' id='word_1_196' title='bbox 1661 1493 1782 1540; x_wconf 79' lang='lat' dir='ltr'>quod,</span> 
     </span>
    </p>
   </div>
   <div class='ocr_carea' id='block_1_18' title="bbox 180 1541 1782 1603">
    <p class='ocr_par' dir='ltr' id='par_1_18' title="bbox 180 1541 1782 1603">
     <span class='ocr_line' id='line_1_23' title="bbox 180 1541 1698 1568; baseline -0.008 0"><span class='ocrx_word' id='word_1_197' title='bbox 180 1541 455 1568; x_wconf 84' lang='lat' dir='ltr'>consecrationthe</span> <span class='ocrx_word' id='word_1_198' title='bbox 496 1556 503 1562; x_wconf 90' lang='lat'><strong>·</strong></span> <span class='ocrx_word' id='word_1_199' title='bbox 780 1554 786 1560; x_wconf 87' lang='lat'>·</span> <span class='ocrx_word' id='word_1_200' title='bbox 842 1553 849 1559; x_wconf 88' lang='lat'><strong>·</strong></span> <span class='ocrx_word' id='word_1_201' title='bbox 913 1552 919 1559; x_wconf 90' lang='lat'><strong>·</strong></span> <span class='ocrx_word' id='word_1_202' title='bbox 1153 1552 1159 1557; x_wconf 88' lang='lat'>-</span> <span class='ocrx_word' id='word_1_203' title='bbox 1654 1550 1660 1556; x_wconf 92' lang='lat'>.</span> <span class='ocrx_word' id='word_1_204' title='bbox 1692 1550 1698 1556; x_wconf 91' lang='lat'>.</span> 
     </span>
     <span class='ocr_line' id='line_1_24' title="bbox 210 1551 1782 1603; baseline -0.006 -8"><span class='ocrx_word' id='word_1_205' title='bbox 210 1577 374 1603; x_wconf 78' lang='lat' dir='ltr'>substance</span> <span class='ocrx_word' id='word_1_206' title='bbox 395 1576 429 1603; x_wconf 89' lang='lat' dir='ltr'>of</span> <span class='ocrx_word' id='word_1_207' title='bbox 468 1564 614 1593; x_wconf 88' lang='lat' dir='ltr'>virtute</span> <span class='ocrx_word' id='word_1_208' title='bbox 647 1555 942 1590; x_wconf 88' lang='lat' dir='ltr'>benediccionis</span> <span class='ocrx_word' id='word_1_209' title='bbox 965 1565 1044 1600; x_wconf 88' lang='lat' dir='ltr'>qua</span> <span class='ocrx_word' id='word_1_210' title='bbox 1067 1565 1183 1600; x_wconf 87' lang='lat' dir='ltr'>panis</span> <span class='ocrx_word' id='word_1_211' title='bbox 1217 1565 1238 1587; x_wconf 91' lang='lat' dir='ltr'>a</span> <span class='ocrx_word' id='word_1_212' title='bbox 1272 1553 1346 1587; x_wconf 92' lang='lat' dir='ltr'>deo</span> <span class='ocrx_word' id='word_1_213' title='bbox 1380 1551 1485 1588; x_wconf 92' lang='lat' dir='ltr'>bono</span> <span class='ocrx_word' id='word_1_214' title='bbox 1519 1552 1782 1595; x_wconf 79' lang='lat' dir='ltr'>benedicitur,</span> 
     </span>
    </p>
   </div>
   <div class='ocr_carea' id='block_1_19' title="bbox 182 1608 1784 1681">
    <p class='ocr_par' dir='ltr' id='par_1_19' title="bbox 182 1608 1784 1681">
     <span class='ocr_line' id='line_1_25' title="bbox 182 1608 1784 1672; baseline -0.004 -21"><span class='ocrx_word' id='word_1_215' title='bbox 182 1610 435 1672; x_wconf 48' lang='lat' dir='ltr'>destlssgeflgiST.</span> <span class='ocrx_word' id='word_1_216' title='bbox 470 1614 553 1662; x_wconf 84' lang='lat' dir='ltr'>ipse</span> <span class='ocrx_word' id='word_1_217' title='bbox 598 1612 712 1661; x_wconf 88' lang='lat' dir='ltr'>panis</span> <span class='ocrx_word' id='word_1_218' title='bbox 759 1611 977 1648; x_wconf 82' lang='lat' dir='ltr'>destruitur</span> <span class='ocrx_word' id='word_1_219' title='bbox 1015 1609 1195 1646; x_wconf 90' lang='lat' dir='ltr'>funditus</span> <span class='ocrx_word' id='word_1_220' title='bbox 1235 1611 1284 1646; x_wconf 93' lang='lat' dir='ltr'>ad</span> <span class='ocrx_word' id='word_1_221' title='bbox 1329 1622 1410 1645; x_wconf 88' lang='lat' dir='ltr'>non</span> <span class='ocrx_word' id='word_1_222' title='bbox 1449 1621 1545 1647; x_wconf 88' lang='lat' dir='ltr'>esse.</span> <span class='ocrx_word' id='word_1_223' title='bbox 1600 1611 1690 1645; x_wconf 88' lang='lat' dir='ltr'>Non</span> <span class='ocrx_word' id='word_1_224' title='bbox 1728 1608 1784 1644; x_wconf 87' lang='lat' dir='ltr'>sic</span> 
     </span>
     <span class='ocr_line' id='line_1_26' title="bbox 287 1645 455 1681; baseline -0.006 -9"><span class='ocrx_word' id='word_1_225' title='bbox 287 1654 322 1681; x_wconf 82' lang='lat' dir='ltr'>ye</span> <span class='ocrx_word' id='word_1_226' title='bbox 348 1665 354 1671; x_wconf 94' lang='lat'>.</span> <span class='ocrx_word' id='word_1_227' title='bbox 408 1645 455 1672; x_wconf 83' lang='lat' dir='ltr'>liis</span> 
     </span>
    </p>
   </div>
   <div class='ocr_carea' id='block_1_20' title="bbox 198 1666 1783 1718">
    <p class='ocr_par' dir='ltr' id='par_1_20' title="bbox 198 1666 1783 1718">
     <span class='ocr_line' id='line_1_27' title="bbox 198 1666 1783 1718; baseline -0.003 -11"><span class='ocrx_word' id='word_1_228' title='bbox 198 1681 223 1707; x_wconf 80' lang='lat' dir='ltr'>is</span> <span class='ocrx_word' id='word_1_229' title='bbox 244 1684 387 1718; x_wconf 39' lang='lat' dir='ltr'>contra-ry</span> <span class='ocrx_word' id='word_1_230' title='bbox 407 1684 437 1706; x_wconf 86' lang='lat' dir='ltr'>to</span> <span class='ocrx_word' id='word_1_231' title='bbox 471 1680 605 1708; x_wconf 89' lang='lat' dir='ltr'>autem</span> <span class='ocrx_word' id='word_1_232' title='bbox 655 1670 885 1706; x_wconf 85' lang='lat' dir='ltr'>sencierunt</span> <span class='ocrx_word' id='word_1_233' title='bbox 929 1667 1084 1717; x_wconf 85' lang='lat' dir='ltr'>antiqui</span> <span class='ocrx_word' id='word_1_234' title='bbox 1131 1669 1315 1704; x_wconf 91' lang='lat' dir='ltr'>doctores</span> <span class='ocrx_word' id='word_1_235' title='bbox 1362 1667 1549 1703; x_wconf 81' lang='lat' dir='ltr'>catholici</span> <span class='ocrx_word' id='word_1_236' title='bbox 1598 1675 1635 1702; x_wconf 91' lang='lat' dir='ltr'>et</span> <span class='ocrx_word' id='word_1_237' title='bbox 1678 1666 1783 1714; x_wconf 80' lang='lat' dir='ltr'>leges</span> 
     </span>
    </p>
   </div>
   <div class='ocr_carea' id='block_1_21' title="bbox 220 1716 1783 1784">
    <p class='ocr_par' dir='ltr' id='par_1_21' title="bbox 220 1716 1783 1784">
     <span class='ocr_line' id='line_1_28' title="bbox 220 1716 1576 1742; baseline -0.01 0"><span class='ocrx_word' id='word_1_238' title='bbox 220 1716 270 1742; x_wconf 84' lang='lat' dir='ltr'>tlie</span> <span class='ocrx_word' id='word_1_239' title='bbox 290 1719 412 1742; x_wconf 86' lang='lat' dir='ltr'>ancient</span> <span class='ocrx_word' id='word_1_240' title='bbox 603 1728 609 1734; x_wconf 88' lang='lat'><strong>·</strong></span> <span class='ocrx_word' id='word_1_241' title='bbox 834 1728 841 1734; x_wconf 92' lang='lat'>.</span> <span class='ocrx_word' id='word_1_242' title='bbox 1015 1726 1023 1732; x_wconf 84' lang='lat'>.</span> <span class='ocrx_word' id='word_1_243' title='bbox 1239 1725 1246 1731; x_wconf 86' lang='lat'>.</span> <span class='ocrx_word' id='word_1_244' title='bbox 1569 1725 1576 1730; x_wconf 94' lang='lat'>.</span> 
     </span>
     <span class='ocr_line' id='line_1_29' title="bbox 240 1725 1783 1784; baseline -0.006 -15"><span class='ocrx_word' id='word_1_245' title='bbox 240 1750 390 1784; x_wconf 75' lang='lat' dir='ltr'>doctrine,</span> <span class='ocrx_word' id='word_1_246' title='bbox 470 1730 636 1766; x_wconf 81' lang='lat' dir='ltr'>eccleSie</span> <span class='ocrx_word' id='word_1_247' title='bbox 670 1730 716 1764; x_wconf 89' lang='lat' dir='ltr'>de</span> <span class='ocrx_word' id='word_1_248' title='bbox 750 1730 929 1764; x_wconf 81' lang='lat' dir='ltr'>bonitate</span> <span class='ocrx_word' id='word_1_249' title='bbox 963 1728 1038 1771; x_wconf 83' lang='lat' dir='ltr'>dei,</span> <span class='ocrx_word' id='word_1_250' title='bbox 1080 1739 1171 1762; x_wconf 88' lang='lat' dir='ltr'>cum</span> <span class='ocrx_word' id='word_1_251' title='bbox 1211 1727 1349 1762; x_wconf 88' lang='lat' dir='ltr'>dicunt</span> <span class='ocrx_word' id='word_1_252' title='bbox 1389 1726 1642 1762; x_wconf 90' lang='lat' dir='ltr'>concorditer</span> <span class='ocrx_word' id='word_1_253' title='bbox 1675 1725 1783 1772; x_wconf 92' lang='lat' dir='ltr'>quod</span> 
     </span>
    </p>
   </div>
   <div class='ocr_carea' id='block_1_22' title="bbox 182 1782 1784 2008">
    <p class='ocr_par' dir='ltr' id='par_1_22' title="bbox 182 1782 1784 2008">
     <span class='ocr_line' id='line_1_30' title="bbox 470 1782 1783 1836; baseline -0.004 -13"><span class='ocrx_word' id='word_1_254' title='bbox 470 1787 584 1836; x_wconf 88' lang='lat' dir='ltr'>panis</span> <span class='ocrx_word' id='word_1_255' title='bbox 616 1787 680 1822; x_wconf 91' lang='lat' dir='ltr'>ille</span> <span class='ocrx_word' id='word_1_256' title='bbox 713 1787 932 1823; x_wconf 89' lang='lat' dir='ltr'>secundum</span> <span class='ocrx_word' id='word_1_257' title='bbox 967 1784 1117 1820; x_wconf 87' lang='lat' dir='ltr'>nullam</span> <span class='ocrx_word' id='word_1_258' title='bbox 1142 1792 1298 1832; x_wconf 87' lang='lat' dir='ltr'>partem</span> <span class='ocrx_word' id='word_1_259' title='bbox 1333 1783 1416 1819; x_wconf 90' lang='lat' dir='ltr'>eius</span> <span class='ocrx_word' id='word_1_260' title='bbox 1450 1782 1680 1827; x_wconf 88' lang='lat' dir='ltr'>destruitur,</span> <span class='ocrx_word' id='word_1_261' title='bbox 1715 1783 1783 1818; x_wconf 92' lang='lat' dir='ltr'>sed</span> 
     </span>
     <span class='ocr_line' id='line_1_31' title="bbox 468 1840 1783 1894; baseline -0.004 -13"><span class='ocrx_word' id='word_1_262' title='bbox 468 1846 613 1882; x_wconf 86' lang='lat' dir='ltr'>virtute</span> <span class='ocrx_word' id='word_1_263' title='bbox 658 1843 955 1881; x_wconf 86' lang='lat' dir='ltr'>benediccionis</span> <span class='ocrx_word' id='word_1_264' title='bbox 984 1840 988 1894; x_wconf 87' lang='grc' dir='ltr'>Ι</span> <span class='ocrx_word' id='word_1_265' title='bbox 1017 1854 1108 1879; x_wconf 88' lang='lat' dir='ltr'>vere</span> <span class='ocrx_word' id='word_1_266' title='bbox 1154 1842 1196 1878; x_wconf 83' lang='lat' dir='ltr'>fit</span> <span class='ocrx_word' id='word_1_267' title='bbox 1240 1841 1586 1878; x_wconf 86' lang='lat' dir='ltr'>sacramentaliter</span> <span class='ocrx_word' id='word_1_268' title='bbox 1638 1853 1783 1888; x_wconf 86' lang='lat' dir='ltr'>corpus</span> 
     </span>
     <span class='ocr_line' id='line_1_32' title="bbox 182 1899 1784 1961; baseline -0.005 -20"><span class='ocrx_word' id='word_1_269' title='bbox 182 1899 600 1961; x_wconf 55' lang='lat' dir='ltr'>²¹¹³d1,i‡,¹].195¹1i3⁰1{theCsiSti·</span> <span class='ocrx_word' id='word_1_270' title='bbox 637 1905 786 1939; x_wconf 88' lang='lat' dir='ltr'>Doctor</span> <span class='ocrx_word' id='word_1_271' title='bbox 819 1900 1038 1949; x_wconf 88' lang='lat' dir='ltr'>solempnis</span> <span class='ocrx_word' id='word_1_272' title='bbox 1072 1899 1254 1936; x_wconf 90' lang='lat' dir='ltr'>concedit</span> <span class='ocrx_word' id='word_1_273' title='bbox 1279 1900 1386 1948; x_wconf 87' lang='lat' dir='ltr'>quod</span> <span class='ocrx_word' id='word_1_274' title='bbox 1411 1908 1545 1936; x_wconf 87' lang='lat' dir='ltr'>manet</span> <span class='ocrx_word' id='word_1_275' title='bbox 1569 1907 1657 1946; x_wconf 86' lang='lat' dir='ltr'>post</span> <span class='ocrx_word' id='word_1_276' title='bbox 1690 1911 1784 1934; x_wconf 91' lang='lat' dir='ltr'>con-</span> 
     </span>
     <span class='ocr_line' id='line_1_33' title="bbox 182 1955 1781 2008; baseline -0.003 -12"><span class='ocrx_word' id='word_1_277' title='bbox 182 1970 363 2004; x_wconf 74' lang='lat' dir='ltr'>blasphemy</span> <span class='ocrx_word' id='word_1_278' title='bbox 386 1969 451 1996; x_wconf 82' lang='lat' dir='ltr'>that</span> <span class='ocrx_word' id='word_1_279' title='bbox 471 1961 742 1998; x_wconf 87' lang='lat' dir='ltr'>secracionem</span> <span class='ocrx_word' id='word_1_280' title='bbox 790 1960 905 2008; x_wconf 86' lang='lat' dir='ltr'>panis</span> <span class='ocrx_word' id='word_1_281' title='bbox 951 1958 1156 2007; x_wconf 86' lang='lat' dir='ltr'>aliquitas;</span> <span class='ocrx_word' id='word_1_282' title='bbox 1208 1971 1301 2005; x_wconf 88' lang='lat' dir='ltr'>ymo</span> <span class='ocrx_word' id='word_1_283' title='bbox 1348 1970 1507 2005; x_wconf 86' lang='lat' dir='ltr'>grossus</span> <span class='ocrx_word' id='word_1_284' title='bbox 1553 1955 1781 2002; x_wconf 91' lang='lat' dir='ltr'>decretista,</span> 
     </span>
    </p>
   </div>
   <div class='ocr_carea' id='block_1_23' title="bbox 183 2004 1782 2067">
    <p class='ocr_par' dir='ltr' id='par_1_23' title="bbox 183 2004 1782 2067">
     <span class='ocr_line' id='line_1_34' title="bbox 183 2004 1532 2031; baseline -0.01 1"><span class='ocrx_word' id='word_1_285' title='bbox 183 2004 250 2031; x_wconf 84' lang='lat' dir='ltr'>God</span> <span class='ocrx_word' id='word_1_286' title='bbox 273 2005 455 2031; x_wconf 83' lang='lat' dir='ltr'>annihilates</span> <span class='ocrx_word' id='word_1_287' title='bbox 757 2019 763 2024; x_wconf 95' lang='lat'>.</span> <span class='ocrx_word' id='word_1_288' title='bbox 848 2018 854 2024; x_wconf 92' lang='lat'>.</span> <span class='ocrx_word' id='word_1_289' title='bbox 980 2017 987 2023; x_wconf 93' lang='lat'>.</span> <span class='ocrx_word' id='word_1_290' title='bbox 1173 2015 1180 2021; x_wconf 87' lang='lat'>.</span> <span class='ocrx_word' id='word_1_291' title='bbox 1526 2015 1532 2020; x_wconf 94' lang='lat'>.</span> 
     </span>
     <span class='ocr_line' id='line_1_35' title="bbox 234 2017 1782 2067; baseline -0.006 -9"><span class='ocrx_word' id='word_1_292' title='bbox 234 2039 284 2066; x_wconf 80' lang='lat' dir='ltr'>the</span> <span class='ocrx_word' id='word_1_293' title='bbox 305 2039 407 2066; x_wconf 56' lang='lat' dir='ltr'>tvi-ead.</span> <span class='ocrx_word' id='word_1_294' title='bbox 472 2021 647 2067; x_wconf 83' lang='lat' dir='ltr'>glosator</span> <span class='ocrx_word' id='word_1_295' title='bbox 678 2020 919 2061; x_wconf 83' lang='lat' dir='ltr'>ordinarius,</span> <span class='ocrx_word' id='word_1_296' title='bbox 952 2018 1111 2054; x_wconf 88' lang='lat' dir='ltr'>videtur</span> <span class='ocrx_word' id='word_1_297' title='bbox 1144 2017 1275 2052; x_wconf 82' lang='lat' dir='ltr'>dicere</span> <span class='ocrx_word' id='word_1_298' title='bbox 1309 2017 1417 2064; x_wconf 87' lang='lat' dir='ltr'>quod</span> <span class='ocrx_word' id='word_1_299' title='bbox 1441 2027 1556 2063; x_wconf 87' lang='lat' dir='ltr'>panis</span> <span class='ocrx_word' id='word_1_300' title='bbox 1589 2023 1782 2059; x_wconf 86' lang='lat' dir='ltr'>remanet,</span> 
     </span>
    </p>
   </div>
   <div class='ocr_carea' id='block_1_24' title="bbox 472 2072 1784 2179">
    <p class='ocr_par' dir='ltr' id='par_1_24' title="bbox 472 2072 1784 2179">
     <span class='ocr_line' id='line_1_36' title="bbox 472 2072 1784 2126; baseline -0.005 -13"><span class='ocrx_word' id='word_1_301' title='bbox 472 2077 653 2126; x_wconf 88' lang='lat' dir='ltr'>quamvis</span> <span class='ocrx_word' id='word_1_302' title='bbox 686 2077 867 2113; x_wconf 89' lang='lat' dir='ltr'>homines</span> <span class='ocrx_word' id='word_1_303' title='bbox 900 2075 1080 2112; x_wconf 88' lang='lat' dir='ltr'>nesciant</span> <span class='ocrx_word' id='word_1_304' title='bbox 1112 2087 1191 2122; x_wconf 88' lang='lat' dir='ltr'>quo</span> <span class='ocrx_word' id='word_1_305' title='bbox 1225 2073 1395 2110; x_wconf 87' lang='lat' dir='ltr'>devenit.</span> <span class='ocrx_word' id='word_1_306' title='bbox 1430 2074 1579 2109; x_wconf 91' lang='lat' dir='ltr'>Omnes</span> <span class='ocrx_word' id='word_1_307' title='bbox 1603 2072 1784 2108; x_wconf 89' lang='lat' dir='ltr'>infideles</span> 
     </span>
     <span class='ocr_line' id='line_1_37' title="bbox 472 2131 1784 2179; baseline -0.005 -7"><span class='ocrx_word' id='word_1_308' title='bbox 472 2137 682 2172; x_wconf 88' lang='lat' dir='ltr'>horrerent</span> <span class='ocrx_word' id='word_1_309' title='bbox 714 2134 831 2171; x_wconf 86' lang='lat' dir='ltr'>istam</span> <span class='ocrx_word' id='word_1_310' title='bbox 866 2133 1145 2171; x_wconf 88' lang='lat' dir='ltr'>crudelitatem</span> <span class='ocrx_word' id='word_1_311' title='bbox 1179 2131 1503 2168; x_wconf 87' lang='lat' dir='ltr'>irracionabilem</span> <span class='ocrx_word' id='word_1_312' title='bbox 1528 2142 1644 2179; x_wconf 87' lang='lat' dir='ltr'>posse</span> <span class='ocrx_word' id='word_1_313' title='bbox 1677 2142 1784 2166; x_wconf 84' lang='lat' dir='ltr'>com-</span> 
     </span>
    </p>
   </div>
   <div class='ocr_carea' id='block_1_25' title="bbox 467 2252 1784 2639">
    <p class='ocr_par' dir='ltr' id='par_1_25' title="bbox 467 2252 1784 2639">
     <span class='ocr_line' id='line_1_38' title="bbox 542 2252 1782 2293; baseline -0.006 -7"><span class='ocrx_word' id='word_1_314' title='bbox 542 2267 561 2285; x_wconf 88' lang='lat'>1.</span> <span class='ocrx_word' id='word_1_315' title='bbox 590 2258 685 2293; x_wconf 78' lang='lat' dir='ltr'>signis</span> <span class='ocrx_word' id='word_1_316' title='bbox 713 2258 863 2285; x_wconf 80' lang='lat' dir='ltr'>seducunt</span> <span class='ocrx_word' id='word_1_317' title='bbox 906 2257 1007 2284; x_wconf 82' lang='lat' dir='ltr'>uidem</span> <span class='ocrx_word' id='word_1_318' title='bbox 1029 2256 1059 2283; x_wconf 79' lang='lat' dir='ltr'>in</span> <span class='ocrx_word' id='word_1_319' title='bbox 1081 2263 1182 2291; x_wconf 68' lang='lat' dir='ltr'>marg.</span> <span class='ocrx_word' id='word_1_320' title='bbox 1204 2255 1262 2289; x_wconf 67' lang='lat' dir='ltr'>²&#39;73f-</span> <span class='ocrx_word' id='word_1_321' title='bbox 1285 2254 1319 2282; x_wconf 86' lang='lat' dir='ltr'>C.</span> <span class='ocrx_word' id='word_1_322' title='bbox 1427 2252 1451 2280; x_wconf 79' lang='lat'>3.</span> <span class='ocrx_word' id='word_1_323' title='bbox 1480 2254 1593 2280; x_wconf 87' lang='lat' dir='ltr'>malain</span> <span class='ocrx_word' id='word_1_324' title='bbox 1621 2252 1716 2285; x_wconf 81' lang='lat' dir='ltr'>CDE;</span> <span class='ocrx_word' id='word_1_325' title='bbox 1745 2252 1782 2279; x_wconf 78' lang='lat' dir='ltr'>ib.</span> 
     </span>
     <span class='ocr_line' id='line_1_39' title="bbox 471 2288 1780 2326; baseline -0.005 -6"><span class='ocrx_word' id='word_1_326' title='bbox 471 2293 547 2320; x_wconf 77' lang='lat' dir='ltr'>facie</span> <span class='ocrx_word' id='word_1_327' title='bbox 568 2293 630 2320; x_wconf 76' lang='lat' dir='ltr'>Cl).</span> <span class='ocrx_word' id='word_1_328' title='bbox 708 2302 736 2326; x_wconf 73' lang='lat'>4.</span> <span class='ocrx_word' id='word_1_329' title='bbox 760 2293 838 2319; x_wconf 80' lang='lat' dir='ltr'>Gall.</span> <span class='ocrx_word' id='word_1_330' title='bbox 861 2291 885 2319; x_wconf 93' lang='lat' dir='ltr'>C</span> <span class='ocrx_word' id='word_1_331' title='bbox 901 2291 923 2318; x_wconf 47' lang='lat' dir='ltr'>t</span> <span class='ocrx_word' id='word_1_332' title='bbox 1002 2291 1026 2318; x_wconf 90' lang='grc'>5.</span> <span class='ocrx_word' id='word_1_333' title='bbox 1048 2295 1129 2325; x_wconf 79' lang='lat' dir='ltr'>patet</span> <span class='ocrx_word' id='word_1_334' title='bbox 1148 2291 1236 2317; x_wconf 77' lang='lat' dir='ltr'>deest</span> <span class='ocrx_word' id='word_1_335' title='bbox 1253 2291 1291 2317; x_wconf 89' lang='lat' dir='ltr'>A.</span> <span class='ocrx_word' id='word_1_336' title='bbox 1372 2289 1399 2316; x_wconf 80' lang='lat'>6.</span> <span class='ocrx_word' id='word_1_337' title='bbox 1421 2293 1449 2315; x_wconf 85' lang='lat' dir='ltr'>et</span> <span class='ocrx_word' id='word_1_338' title='bbox 1468 2288 1553 2315; x_wconf 77' lang='lat' dir='ltr'>deest</span> <span class='ocrx_word' id='word_1_339' title='bbox 1573 2289 1605 2314; x_wconf 80' lang='lat' dir='ltr'>l).</span> <span class='ocrx_word' id='word_1_340' title='bbox 1687 2294 1715 2321; x_wconf 73' lang='lat'>9.</span> <span class='ocrx_word' id='word_1_341' title='bbox 1737 2289 1780 2313; x_wconf 80' lang='lat' dir='ltr'>ve!</span> 
     </span>
     <span class='ocr_line' id='line_1_40' title="bbox 467 2322 1780 2362; baseline -0.005 -7"><span class='ocrx_word' id='word_1_342' title='bbox 467 2336 529 2362; x_wconf 77' lang='lat' dir='ltr'>pro</span> <span class='ocrx_word' id='word_1_343' title='bbox 551 2332 582 2354; x_wconf 89' lang='lat' dir='ltr'>ut</span> <span class='ocrx_word' id='word_1_344' title='bbox 602 2327 635 2355; x_wconf 90' lang='lat' dir='ltr'>C.</span> <span class='ocrx_word' id='word_1_345' title='bbox 699 2335 737 2355; x_wconf 78' lang='lat'>12.</span> <span class='ocrx_word' id='word_1_346' title='bbox 757 2328 908 2362; x_wconf 78' lang='lat' dir='ltr'>Ignorans</span> <span class='ocrx_word' id='word_1_347' title='bbox 922 2334 982 2353; x_wconf 88' lang='lat' dir='ltr'>non</span> <span class='ocrx_word' id='word_1_348' title='bbox 998 2329 1190 2352; x_wconf 81' lang='lat' dir='ltr'>sacramenta</span> <span class='ocrx_word' id='word_1_349' title='bbox 1205 2325 1256 2351; x_wconf 84' lang='lat' dir='ltr'>sed</span> <span class='ocrx_word' id='word_1_350' title='bbox 1275 2331 1388 2350; x_wconf 82' lang='lat' dir='ltr'>venena</span> <span class='ocrx_word' id='word_1_351' title='bbox 1406 2323 1560 2350; x_wconf 81' lang='lat' dir='ltr'>ministrat</span> <span class='ocrx_word' id='word_1_352' title='bbox 1574 2323 1604 2349; x_wconf 85' lang='lat' dir='ltr'>in</span> <span class='ocrx_word' id='word_1_353' title='bbox 1620 2330 1723 2357; x_wconf 71' lang='lat' dir='ltr'>marg.</span> <span class='ocrx_word' id='word_1_354' title='bbox 1746 2322 1780 2348; x_wconf 91' lang='lat' dir='ltr'>D.</span> 
     </span>
     <span class='ocr_line' id='line_1_41' title="bbox 473 2356 1782 2397; baseline -0.004 -9"><span class='ocrx_word' id='word_1_355' title='bbox 473 2361 509 2389; x_wconf 65' lang='lat'>13.</span> <span class='ocrx_word' id='word_1_356' title='bbox 527 2362 653 2389; x_wconf 83' lang='lat' dir='ltr'>virtutes</span> <span class='ocrx_word' id='word_1_357' title='bbox 671 2370 731 2397; x_wconf 85' lang='lat' dir='ltr'>pro</span> <span class='ocrx_word' id='word_1_358' title='bbox 752 2362 895 2388; x_wconf 80' lang='lat' dir='ltr'>veritates</span> <span class='ocrx_word' id='word_1_359' title='bbox 910 2361 950 2394; x_wconf 74' lang='lat' dir='ltr'>C3</span> <span class='ocrx_word' id='word_1_360' title='bbox 971 2360 1113 2387; x_wconf 84' lang='lat' dir='ltr'>veritates</span> <span class='ocrx_word' id='word_1_361' title='bbox 1133 2367 1216 2386; x_wconf 84' lang='lat' dir='ltr'>corr.</span> <span class='ocrx_word' id='word_1_362' title='bbox 1237 2367 1274 2386; x_wconf 82' lang='lat' dir='ltr'>ex</span> <span class='ocrx_word' id='word_1_363' title='bbox 1294 2359 1421 2385; x_wconf 77' lang='lat' dir='ltr'>virtutes</span> <span class='ocrx_word' id='word_1_364' title='bbox 1442 2357 1483 2389; x_wconf 85' lang='lat' dir='ltr'>D;</span> <span class='ocrx_word' id='word_1_365' title='bbox 1504 2357 1541 2384; x_wconf 66' lang='lat' dir='ltr'>ih.</span> <span class='ocrx_word' id='word_1_366' title='bbox 1563 2357 1666 2391; x_wconf 79' lang='lat' dir='ltr'>itaque</span> <span class='ocrx_word' id='word_1_367' title='bbox 1686 2356 1782 2389; x_wconf 84' lang='lat' dir='ltr'>CDE;</span> 
     </span>
     <span class='ocr_line' id='line_1_42' title="bbox 472 2392 1780 2431; baseline -0.005 -8"><span class='ocrx_word' id='word_1_368' title='bbox 472 2405 512 2429; x_wconf 72' lang='lat'>14.</span> <span class='ocrx_word' id='word_1_369' title='bbox 534 2402 685 2431; x_wconf 81' lang='lat' dir='ltr'>occupant</span> <span class='ocrx_word' id='word_1_370' title='bbox 705 2398 750 2429; x_wconf 75' lang='lat' dir='ltr'>A;</span> <span class='ocrx_word' id='word_1_371' title='bbox 779 2397 817 2423; x_wconf 74' lang='lat' dir='ltr'>ib.</span> <span class='ocrx_word' id='word_1_372' title='bbox 837 2395 1037 2430; x_wconf 81' lang='lat' dir='ltr'>Temporalia</span> <span class='ocrx_word' id='word_1_373' title='bbox 1064 2395 1214 2421; x_wconf 71' lang='lat' dir='ltr'>infatuant</span> <span class='ocrx_word' id='word_1_374' title='bbox 1241 2399 1268 2420; x_wconf 86' lang='lat' dir='ltr'>et</span> <span class='ocrx_word' id='word_1_375' title='bbox 1294 2393 1409 2420; x_wconf 82' lang='lat' dir='ltr'>faciunt</span> <span class='ocrx_word' id='word_1_376' title='bbox 1436 2397 1605 2419; x_wconf 79' lang='lat' dir='ltr'>mutescere</span> <span class='ocrx_word' id='word_1_377' title='bbox 1626 2392 1656 2418; x_wconf 85' lang='lat' dir='ltr'>in</span> <span class='ocrx_word' id='word_1_378' title='bbox 1677 2399 1780 2426; x_wconf 67' lang='lat' dir='ltr'>marg.</span> 
     </span>
     <span class='ocr_line' id='line_1_43' title="bbox 470 2425 1783 2483; baseline -0.004 -26"><span class='ocrx_word' id='word_1_379' title='bbox 470 2439 535 2466; x_wconf 70' lang='lat' dir='ltr'>sup.</span> <span class='ocrx_word' id='word_1_380' title='bbox 558 2431 592 2458; x_wconf 55' lang='lat' dir='ltr'>C.</span> <span class='ocrx_word' id='word_1_381' title='bbox 656 2433 696 2459; x_wconf 81' lang='lat'>16.</span> <span class='ocrx_word' id='word_1_382' title='bbox 719 2431 846 2458; x_wconf 83' lang='lat' dir='ltr'>tercium</span> <span class='ocrx_word' id='word_1_383' title='bbox 869 2431 907 2463; x_wconf 78' lang='lat' dir='ltr'>B;</span> <span class='ocrx_word' id='word_1_384' title='bbox 929 2431 966 2456; x_wconf 81' lang='lat' dir='ltr'>ib.</span> <span class='ocrx_word' id='word_1_385' title='bbox 988 2428 1204 2464; x_wconf 77' lang='lat' dir='ltr'>consyderanti</span> <span class='ocrx_word' id='word_1_386' title='bbox 1226 2428 1261 2455; x_wconf 90' lang='lat' dir='ltr'>D.</span> <span class='ocrx_word' id='word_1_387' title='bbox 1325 2436 1362 2462; x_wconf 85' lang='lat'>17.</span> <span class='ocrx_word' id='word_1_388' title='bbox 1385 2427 1466 2483; x_wconf 38' lang='lat' dir='ltr'>duod</span> <span class='ocrx_word' id='word_1_389' title='bbox 1488 2425 1610 2453; x_wconf 81' lang='lat' dir='ltr'>ACDE.</span> <span class='ocrx_word' id='word_1_390' title='bbox 1674 2429 1711 2453; x_wconf 83' lang='lat'>18.</span> <span class='ocrx_word' id='word_1_391' title='bbox 1734 2434 1783 2452; x_wconf 79' lang='lat' dir='ltr'>nc-</span> 
     </span>
     <span class='ocr_line' id='line_1_44' title="bbox 474 2460 1782 2500; baseline -0.005 -7"><span class='ocrx_word' id='word_1_392' title='bbox 474 2466 586 2499; x_wconf 73' lang='lat' dir='ltr'>pluindi</span> <span class='ocrx_word' id='word_1_393' title='bbox 608 2466 644 2492; x_wconf 89' lang='lat' dir='ltr'>D.</span> <span class='ocrx_word' id='word_1_394' title='bbox 724 2473 765 2500; x_wconf 83' lang='lat'>19.</span> <span class='ocrx_word' id='word_1_395' title='bbox 788 2466 909 2492; x_wconf 80' lang='lat' dir='ltr'>hereses</span> <span class='ocrx_word' id='word_1_396' title='bbox 929 2470 991 2492; x_wconf 85' lang='lat' dir='ltr'>tres</span> <span class='ocrx_word' id='word_1_397' title='bbox 1011 2464 1041 2491; x_wconf 81' lang='lat' dir='ltr'>in</span> <span class='ocrx_word' id='word_1_398' title='bbox 1062 2471 1164 2499; x_wconf 69' lang='lat' dir='ltr'>marg.</span> <span class='ocrx_word' id='word_1_399' title='bbox 1186 2463 1243 2498; x_wconf 81' lang='lat' dir='ltr'>inf.</span> <span class='ocrx_word' id='word_1_400' title='bbox 1266 2462 1299 2489; x_wconf 93' lang='lat' dir='ltr'>C.</span> <span class='ocrx_word' id='word_1_401' title='bbox 1374 2464 1414 2488; x_wconf 55' lang='grc' dir='ltr'>θ’..</span> <span class='ocrx_word' id='word_1_402' title='bbox 1444 2466 1471 2488; x_wconf 83' lang='lat' dir='ltr'>et</span> <span class='ocrx_word' id='word_1_403' title='bbox 1491 2461 1527 2487; x_wconf 87' lang='lat' dir='ltr'>ad</span> <span class='ocrx_word' id='word_1_404' title='bbox 1549 2461 1594 2494; x_wconf 86' lang='lat' dir='ltr'>A;</span> <span class='ocrx_word' id='word_1_405' title='bbox 1623 2461 1660 2487; x_wconf 74' lang='lat' dir='ltr'>ih.</span> <span class='ocrx_word' id='word_1_406' title='bbox 1684 2460 1782 2495; x_wconf 77' lang='lat' dir='ltr'>prima</span> 
     </span>
     <span class='ocr_line' id='line_1_45' title="bbox 472 2495 1783 2535; baseline -0.004 -9"><span class='ocrx_word' id='word_1_407' title='bbox 472 2500 501 2527; x_wconf 76' lang='lat' dir='ltr'>in</span> <span class='ocrx_word' id='word_1_408' title='bbox 522 2509 623 2535; x_wconf 65' lang='lat' dir='ltr'>marg.</span> <span class='ocrx_word' id='word_1_409' title='bbox 645 2501 678 2528; x_wconf 93' lang='lat' dir='ltr'>C.</span> <span class='ocrx_word' id='word_1_410' title='bbox 752 2501 798 2527; x_wconf 84' lang='lat'>26.</span> <span class='ocrx_word' id='word_1_411' title='bbox 820 2500 884 2527; x_wconf 85' lang='lat' dir='ltr'>eius</span> <span class='ocrx_word' id='word_1_412' title='bbox 906 2503 1023 2534; x_wconf 82' lang='lat' dir='ltr'>partem</span> <span class='ocrx_word' id='word_1_413' title='bbox 1045 2498 1105 2526; x_wconf 85' lang='lat' dir='ltr'>CE.</span> <span class='ocrx_word' id='word_1_414' title='bbox 1180 2505 1224 2532; x_wconf 81' lang='lat'>27.</span> <span class='ocrx_word' id='word_1_415' title='bbox 1241 2497 1279 2523; x_wconf 86' lang='lat' dir='ltr'>sit</span> <span class='ocrx_word' id='word_1_416' title='bbox 1294 2496 1389 2527; x_wconf 75' lang='lat' dir='ltr'>CDE:</span> <span class='ocrx_word' id='word_1_417' title='bbox 1410 2497 1448 2522; x_wconf 72' lang='lat' dir='ltr'>ib.</span> <span class='ocrx_word' id='word_1_418' title='bbox 1471 2495 1733 2522; x_wconf 74' lang='lat' dir='ltr'>sacramentaliter</span> <span class='ocrx_word' id='word_1_419' title='bbox 1752 2495 1783 2521; x_wconf 83' lang='lat' dir='ltr'>in</span> 
     </span>
     <span class='ocr_line' id='line_1_46' title="bbox 472 2530 1784 2570; baseline -0.003 -10"><span class='ocrx_word' id='word_1_420' title='bbox 472 2543 574 2570; x_wconf 58' lang='lat' dir='ltr'>marg.</span> <span class='ocrx_word' id='word_1_421' title='bbox 591 2535 624 2563; x_wconf 86' lang='lat' dir='ltr'>C.</span> <span class='ocrx_word' id='word_1_422' title='bbox 698 2535 742 2562; x_wconf 71' lang='lat'>1¹8.</span> <span class='ocrx_word' id='word_1_423' title='bbox 759 2535 906 2561; x_wconf 86' lang='lat' dir='ltr'>solemnis</span> <span class='ocrx_word' id='word_1_424' title='bbox 922 2534 960 2565; x_wconf 85' lang='lat' dir='ltr'>E;</span> <span class='ocrx_word' id='word_1_425' title='bbox 983 2534 1090 2560; x_wconf 86' lang='lat' dir='ltr'>doctor</span> <span class='ocrx_word' id='word_1_426' title='bbox 1111 2532 1280 2569; x_wconf 83' lang='lat' dir='ltr'>solempnis</span> <span class='ocrx_word' id='word_1_427' title='bbox 1296 2530 1435 2557; x_wconf 84' lang='lat' dir='ltr'>concedit</span> <span class='ocrx_word' id='word_1_428' title='bbox 1450 2531 1479 2556; x_wconf 80' lang='lat' dir='ltr'>in</span> <span class='ocrx_word' id='word_1_429' title='bbox 1496 2538 1596 2566; x_wconf 70' lang='lat' dir='ltr'>marg.</span> <span class='ocrx_word' id='word_1_430' title='bbox 1613 2530 1650 2560; x_wconf 81' lang='lat' dir='ltr'>C:</span> <span class='ocrx_word' id='word_1_431' title='bbox 1676 2530 1784 2556; x_wconf 80' lang='lat' dir='ltr'>doctor</span> 
     </span>
     <span class='ocr_line' id='line_1_47' title="bbox 473 2564 1783 2605; baseline -0.005 -9"><span class='ocrx_word' id='word_1_432' title='bbox 473 2570 619 2596; x_wconf 73' lang='lat' dir='ltr'>solemnis</span> <span class='ocrx_word' id='word_1_433' title='bbox 639 2570 669 2596; x_wconf 84' lang='lat' dir='ltr'>in</span> <span class='ocrx_word' id='word_1_434' title='bbox 690 2578 791 2605; x_wconf 70' lang='lat' dir='ltr'>marg.</span> <span class='ocrx_word' id='word_1_435' title='bbox 810 2569 846 2596; x_wconf 92' lang='lat' dir='ltr'>D.</span> <span class='ocrx_word' id='word_1_436' title='bbox 919 2576 965 2603; x_wconf 75' lang='lat'>29.</span> <span class='ocrx_word' id='word_1_437' title='bbox 987 2568 1160 2602; x_wconf 84' lang='lat' dir='ltr'>aliqualitas</span> <span class='ocrx_word' id='word_1_438' title='bbox 1175 2567 1244 2599; x_wconf 78' lang='lat' dir='ltr'>CD;</span> <span class='ocrx_word' id='word_1_439' title='bbox 1265 2566 1463 2600; x_wconf 81' lang='lat' dir='ltr'>aliquidditas</span> <span class='ocrx_word' id='word_1_440' title='bbox 1478 2565 1518 2593; x_wconf 78' lang='lat' dir='ltr'>E:</span> <span class='ocrx_word' id='word_1_441' title='bbox 1539 2565 1576 2591; x_wconf 65' lang='lat' dir='ltr'>ib.</span> <span class='ocrx_word' id='word_1_442' title='bbox 1592 2572 1697 2600; x_wconf 84' lang='lat' dir='ltr'>ymmo</span> <span class='ocrx_word' id='word_1_443' title='bbox 1713 2564 1783 2596; x_wconf 80' lang='lat' dir='ltr'>CD;</span> 
     </span>
     <span class='ocr_line' id='line_1_48' title="bbox 473 2598 1783 2639; baseline -0.004 -9"><span class='ocrx_word' id='word_1_444' title='bbox 473 2604 510 2630; x_wconf 69' lang='lat' dir='ltr'>ib.</span> <span class='ocrx_word' id='word_1_445' title='bbox 538 2605 706 2639; x_wconf 65' lang='lat' dir='ltr'>uegrccista</span> <span class='ocrx_word' id='word_1_446' title='bbox 725 2605 770 2638; x_wconf 81' lang='lat' dir='ltr'>A;</span> <span class='ocrx_word' id='word_1_447' title='bbox 797 2603 959 2631; x_wconf 82' lang='lat' dir='ltr'>decretista</span> <span class='ocrx_word' id='word_1_448' title='bbox 985 2603 1015 2629; x_wconf 83' lang='lat' dir='ltr'>in</span> <span class='ocrx_word' id='word_1_449' title='bbox 1042 2610 1144 2638; x_wconf 64' lang='lat' dir='ltr'>marg.</span> <span class='ocrx_word' id='word_1_450' title='bbox 1166 2602 1200 2629; x_wconf 88' lang='lat' dir='ltr'>C.</span> <span class='ocrx_word' id='word_1_451' title='bbox 1290 2599 1332 2627; x_wconf 82' lang='lat'>32.</span> <span class='ocrx_word' id='word_1_452' title='bbox 1355 2601 1480 2627; x_wconf 81' lang='lat' dir='ltr'>horrent</span> <span class='ocrx_word' id='word_1_453' title='bbox 1500 2600 1542 2632; x_wconf 86' lang='lat' dir='ltr'>D;</span> <span class='ocrx_word' id='word_1_454' title='bbox 1564 2600 1600 2626; x_wconf 73' lang='lat' dir='ltr'>ib.</span> <span class='ocrx_word' id='word_1_455' title='bbox 1624 2603 1727 2634; x_wconf 81' lang='lat' dir='ltr'>posset</span> <span class='ocrx_word' id='word_1_456' title='bbox 1746 2598 1783 2625; x_wconf 92' lang='lat' dir='ltr'>D.</span> 
     </span>
    </p>
   </div>
   <div class='ocr_carea' id='block_1_26' title="bbox 475 2670 1785 2902">
    <p class='ocr_par' dir='ltr' id='par_1_26' title="bbox 475 2670 1785 2902">
     <span class='ocr_line' id='line_1_49' title="bbox 545 2670 1783 2715; baseline -0.005 -9"><span class='ocrx_word' id='word_1_457' title='bbox 545 2674 596 2706; x_wconf 82' lang='lat'>28.</span> <span class='ocrx_word' id='word_1_458' title='bbox 624 2676 659 2705; x_wconf 87' lang='lat' dir='ltr'>In</span> <span class='ocrx_word' id='word_1_459' title='bbox 681 2675 732 2706; x_wconf 78' lang='lat' dir='ltr'>De</span> <span class='ocrx_word' id='word_1_460' title='bbox 751 2674 951 2715; x_wconf 71' lang='lat' dir='ltr'>Apostasia,</span> <span class='ocrx_word' id='word_1_461' title='bbox 977 2673 1045 2704; x_wconf 85' lang='lat' dir='ltr'>this</span> <span class='ocrx_word' id='word_1_462' title='bbox 1064 2673 1255 2704; x_wconf 83' lang='lat' dir='ltr'>admission</span> <span class='ocrx_word' id='word_1_463' title='bbox 1275 2671 1314 2702; x_wconf 90' lang='lat' dir='ltr'>of</span> <span class='ocrx_word' id='word_1_464' title='bbox 1328 2682 1369 2702; x_wconf 85' lang='lat' dir='ltr'>an</span> <span class='ocrx_word' id='word_1_465' title='bbox 1389 2670 1606 2712; x_wconf 80' lang='lat' dir='ltr'>‘aliqualitas&#39;</span> <span class='ocrx_word' id='word_1_466' title='bbox 1625 2670 1665 2701; x_wconf 88' lang='lat' dir='ltr'>of</span> <span class='ocrx_word' id='word_1_467' title='bbox 1679 2670 1783 2701; x_wconf 82' lang='lat' dir='ltr'>bread</span> 
     </span>
     <span class='ocr_line' id='line_1_50' title="bbox 475 2716 1784 2762; baseline -0.004 -11"><span class='ocrx_word' id='word_1_468' title='bbox 475 2721 666 2762; x_wconf 82' lang='lat' dir='ltr'>remaining</span> <span class='ocrx_word' id='word_1_469' title='bbox 693 2722 720 2752; x_wconf 82' lang='lat' dir='ltr'>is</span> <span class='ocrx_word' id='word_1_470' title='bbox 747 2721 902 2751; x_wconf 85' lang='lat' dir='ltr'>ascribed</span> <span class='ocrx_word' id='word_1_471' title='bbox 929 2727 964 2751; x_wconf 91' lang='lat' dir='ltr'>to</span> <span class='ocrx_word' id='word_1_472' title='bbox 992 2720 1108 2761; x_wconf 80' lang='lat' dir='ltr'>Henry</span> <span class='ocrx_word' id='word_1_473' title='bbox 1137 2718 1303 2749; x_wconf 87' lang='lat' dir='ltr'>Goethals</span> <span class='ocrx_word' id='word_1_474' title='bbox 1330 2717 1369 2748; x_wconf 90' lang='lat' dir='ltr'>of</span> <span class='ocrx_word' id='word_1_475' title='bbox 1393 2717 1507 2749; x_wconf 88' lang='lat' dir='ltr'>Ghent</span> <span class='ocrx_word' id='word_1_476' title='bbox 1532 2717 1580 2758; x_wconf 86' lang='lat' dir='ltr'>(p.</span> <span class='ocrx_word' id='word_1_477' title='bbox 1600 2716 1694 2758; x_wconf 76' lang='lat'>75,1.</span> <span class='ocrx_word' id='word_1_478' title='bbox 1715 2717 1784 2753; x_wconf 76' lang='lat'>32).</span> 
     </span>
     <span class='ocr_line' id='line_1_51' title="bbox 476 2762 1784 2806; baseline -0.003 -9"><span class='ocrx_word' id='word_1_479' title='bbox 476 2767 669 2797; x_wconf 81' lang='lat' dir='ltr'>Franklin’s</span> <span class='ocrx_word' id='word_1_480' title='bbox 702 2767 924 2798; x_wconf 77' lang='lat' dir='ltr'>Dictionaire</span> <span class='ocrx_word' id='word_1_481' title='bbox 956 2766 1016 2797; x_wconf 80' lang='lat' dir='ltr'>des</span> <span class='ocrx_word' id='word_1_482' title='bbox 1050 2765 1313 2806; x_wconf 57' lang='lat' dir='ltr'>psetldomfmes</span> <span class='ocrx_word' id='word_1_483' title='bbox 1351 2763 1456 2795; x_wconf 75' lang='lat' dir='ltr'>latins</span> <span class='ocrx_word' id='word_1_484' title='bbox 1495 2763 1590 2804; x_wconf 71' lang='lat' dir='ltr'>gives</span> <span class='ocrx_word' id='word_1_485' title='bbox 1623 2763 1693 2793; x_wconf 89' lang='lat' dir='ltr'>him</span> <span class='ocrx_word' id='word_1_486' title='bbox 1726 2762 1784 2793; x_wconf 87' lang='lat' dir='ltr'>the</span> 
     </span>
     <span class='ocr_line' id='line_1_52' title="bbox 475 2808 1785 2852; baseline -0.004 -8"><span class='ocrx_word' id='word_1_487' title='bbox 475 2814 547 2844; x_wconf 89' lang='lat' dir='ltr'>title</span> <span class='ocrx_word' id='word_1_488' title='bbox 579 2813 618 2844; x_wconf 88' lang='lat' dir='ltr'>of</span> <span class='ocrx_word' id='word_1_489' title='bbox 646 2814 799 2844; x_wconf 81' lang='lat' dir='ltr'>“Doctor</span> <span class='ocrx_word' id='word_1_490' title='bbox 830 2812 1030 2843; x_wconf 79' lang='lat' dir='ltr'>solemnis&#39;&#39;.</span> <span class='ocrx_word' id='word_1_491' title='bbox 1068 2812 1145 2842; x_wconf 84' lang='lat' dir='ltr'>And</span> <span class='ocrx_word' id='word_1_492' title='bbox 1180 2810 1311 2852; x_wconf 73' lang='lat' dir='ltr'>Wyclif</span> <span class='ocrx_word' id='word_1_493' title='bbox 1346 2810 1427 2840; x_wconf 88' lang='lat' dir='ltr'>calls</span> <span class='ocrx_word' id='word_1_494' title='bbox 1465 2809 1535 2840; x_wconf 86' lang='lat' dir='ltr'>him</span> <span class='ocrx_word' id='word_1_495' title='bbox 1575 2820 1625 2848; x_wconf 80' lang='lat' dir='ltr'>so,</span> <span class='ocrx_word' id='word_1_496' title='bbox 1665 2809 1698 2839; x_wconf 89' lang='lat' dir='ltr'>in</span> <span class='ocrx_word' id='word_1_497' title='bbox 1731 2808 1785 2839; x_wconf 85' lang='lat' dir='ltr'>De</span> 
     </span>
     <span class='ocr_line' id='line_1_53' title="bbox 478 2858 936 2902; baseline -0.004 -11"><span class='ocrx_word' id='word_1_498' title='bbox 478 2859 644 2897; x_wconf 73' lang='lat' dir='ltr'>Ecclesia,</span> <span class='ocrx_word' id='word_1_499' title='bbox 671 2870 703 2902; x_wconf 76' lang='lat' dir='ltr'>p.</span> <span class='ocrx_word' id='word_1_500' title='bbox 733 2860 808 2901; x_wconf 71' lang='lat'>317,</span> <span class='ocrx_word' id='word_1_501' title='bbox 835 2860 855 2889; x_wconf 90' lang='lat'>1.</span> <span class='ocrx_word' id='word_1_502' title='bbox 885 2858 936 2890; x_wconf 73' lang='lat'>26.</span> 
     </span>
    </p>
   </div>
   <div class='ocr_carea' id='block_1_27' title="bbox 1805 475 1919 575">
    <p class='ocr_par' dir='ltr' id='par_1_27' title="bbox 1805 475 1919 575">
     <span class='ocr_line' id='line_1_54' title="bbox 1832 475 1907 506; baseline 0 0"><span class='ocrx_word' id='word_1_503' title='bbox 1832 475 1907 506; x_wconf 89' lang='lat' dir='ltr'>Gal.</span> 
     </span>
     <span class='ocr_line' id='line_1_55' title="bbox 1805 522 1919 575; baseline 0 -23"><span class='ocrx_word' id='word_1_504' title='bbox 1805 522 1853 575; x_wconf 67' lang='grc' dir='ltr'>νΙΙ,</span> <span class='ocrx_word' id='word_1_505' title='bbox 1887 532 1919 552; x_wconf 91' lang='lat'>11</span> 
     </span>
    </p>
   </div>
   <div class='ocr_carea' id='block_1_28' title="bbox 1806 867 1844 887">
    <p class='ocr_par' dir='ltr' id='par_1_28' title="bbox 1806 867 1844 887">
     <span class='ocr_line' id='line_1_56' title="bbox 1806 867 1844 887; baseline 0 0"><span class='ocrx_word' id='word_1_506' title='bbox 1806 867 1844 887; x_wconf 90' lang='lat'>10</span> 
     </span>
    </p>
   </div>
   <div class='ocr_carea' id='block_1_29' title="bbox 1801 1724 1840 1756">
    <p class='ocr_par' dir='ltr' id='par_1_29' title="bbox 1801 1724 1840 1756">
     <span class='ocr_line' id='line_1_57' title="bbox 1801 1724 1840 1756; baseline 0.026 -1"><span class='ocrx_word' id='word_1_507' title='bbox 1801 1724 1840 1756; x_wconf 80' lang='lat'>25</span> 
     </span>
    </p>
   </div>
  </div>
 </body>
</html>
