2067 3298
247 232 336 258 CAP.
358 231 438 258 xiv.
716 233 775 264 DE
803 232 1108 264 BLASPHEMIA.
1768 232 1845 269 207

245 340 381 388 itaque
413 338 646 386 religionem
671 339 786 374 debet
809 338 932 374 homo
956 337 1162 373 consulere
1196 346 1233 373 et
1265 337 1431 384 hortari,
1465 350 1556 374 curn
1581 347 1658 375 This
1679 355 1840 384 argument

244 397 311 435 illa
343 397 393 434 sit
425 396 628 433 infinitum
651 396 872 444 perfeccior
895 408 1016 444 quam
1050 394 1207 443 privata
1239 395 1392 443 religio,
1425 404 1469 431 ut
1492 395 1556 432 hic
1578 383 1790 454 apptlffispolrrrlg
1810 388 1840 412 ‘⁰

245 455 485 504 supponitur
507 466 551 491 ex
574 453 689 490 dictis
713 453 819 490 alibi.
845 453 918 490 Cui
941 453 1124 501 religioni
1150 453 1336 490 cristiane
1359 462 1558 502 repugnat
1623 452 1806 516 {Illirgffissssf

1734 510 1740 522 ⁷

244 526 412 563 peccare
458 512 679 549 mortaliter
721 512 782 549 vel
826 511 1057 559 dampnari;
1104 511 1258 548 dicente
1302 511 1557 559 ewangelista
1581 522 1681 549 which
1702 531 1742 549 no
1763 531 1834 551 man

214 573 271 608 51.
296 573 383 610 Joh.
403 571 436 607 3.
469 570 602 607 Omnis
627 570 691 619 qui
711 570 746 606 in
772 570 841 606 deo
865 577 1003 617 manet,
1028 582 1100 605 non
1118 577 1266 618 peccat.
1283 571 1332 606 Et
1354 558 1849 620 sequitur:⁰1}¹1¹.¹j§}¹¹<}0³e‘¹sdnigt³

96 621 118 652 Ῑ·
132 621 231 655 Joan·
247 630 367 666 omnis
389 629 453 679 qui
474 637 585 665 natus
617 635 672 664 est
702 640 753 664 ex
785 629 854 664 deo
881 635 1082 678 peccatum
1116 640 1188 663 non
1211 628 1328 676 facit,
1362 628 1555 677 quoniam
1636 626 1694 660 sin,
1714 627 1737 654 it
1757 627 1783 654 is

1618 661 1747 688 because
1768 662 1804 689 he

124 713 154 754 5⁷
182 724 201 756 7
244 700 372 725 semen
404 687 522 737 ipsius
553 688 589 723 in
623 699 664 722 eo
697 693 836 733 manet,
868 693 903 722 et
935 698 1006 721 non
1024 693 1152 735 potest
1169 698 1347 735 peccare,
1379 686 1555 735 quoniam
1581 696 1707 736 belongs
1727 701 1758 723 to
1778 697 1843 724 that

245 758 296 783 ex
328 747 397 782 deo
431 753 542 782 natus
573 752 641 781 est.
675 747 775 780 Nam
801 752 997 792 repugnat
1018 756 1110 780 vere
1133 743 1367 780 cristianum
1390 756 1557 793 peccare
1578 731 1841 794 ῃὲἳὴὲζοέῳῖῗέᾒ

246 803 482 851 mortaliter,
535 803 647 840 sicud
699 811 895 851 repugnat
941 801 1258 850 predestinatum
1305 814 1474 850 peccare
1517 802 1559 839 in

191 875 229 897 10
243 862 430 911 spiritum
483 870 680 898 sanctum.
736 862 783 896 Et
835 860 890 897 sic
942 859 1127 908 intelligit
1174 861 1314 897 beatus
1356 861 1559 898 Johannes

243 919 482 969 simpliciter
514 920 554 956 in
586 931 703 956 sensu
737 918 976 966 composito.
1011 918 1051 954 Si
1083 927 1217 954 autem
1251 918 1327 954 hoc
1349 918 1399 955 sit
1421 931 1559 956 verum

243 979 292 1015 de
338 977 542 1023 fratribus,
595 978 670 1013 hoc
718 985 774 1013 est
820 975 861 1013 in
908 985 1104 1025 quantum
1151 985 1243 1012 sunt
1290 975 1465 1014 cristiani
1512 978 1560 1013 de

241 1035 507 1085 generacione
539 1034 701 1072 seminis
732 1034 841 1071 verbi
875 1034 950 1080 dei,
986 1043 1023 1070 et
1053 1047 1134 1070 non
1166 1034 1207 1070 in
1239 1043 1435 1083 quantum
1468 1043 1561 1071 sunt

242 1094 403 1141 fratres;
447 1106 520 1130 nec
563 1102 656 1129 sunt
699 1092 815 1129 aliter
855 1091 932 1128 nisi
975 1091 1257 1129 nominetenus
1303 1101 1340 1129 et
1383 1092 1480 1129 false
1519 1093 1560 1130 in

192 1155 227 1188 15
244 1152 435 1200 religione
465 1152 527 1188 vel
559 1150 713 1197 ordine,
747 1151 816 1187 sed
840 1150 1015 1186 “frater''
1041 1158 1098 1186 est
1122 1162 1336 1187 commune
1359 1152 1410 1187 ad
1434 1152 1559 1188 bonos

244 1219 281 1247 et
302 1211 353 1247 ad
376 1210 517 1256 malos,
541 1222 634 1246 cum
657 1210 877 1245 secundum
901 1208 1133 1256 apostolum
1157 1207 1208 1245 sit
1231 1218 1556 1246 consummatum

239 1268 457 1318 periculum
490 1268 526 1303 in
549 1267 672 1316 falsis
693 1267 908 1316 fratribus.
945 1267 993 1302 Et
1027 1265 1082 1302 sic
1112 1278 1194 1303 esse
1223 1266 1388 1303 fratrem
1418 1267 1457 1303 in
1486 1280 1558 1304 sua
1589 1276 1637 1316 To
1658 1277 1694 1304 be
1714 1285 1730 1304 a
1750 1277 1825 1306 friar-

243 1326 500 1372 comunitate,
539 1338 612 1362 nec
646 1334 702 1361 est
734 1336 805 1373 per
837 1336 876 1361 se
908 1325 1059 1361 bonurn
1092 1323 1262 1371 virtutis,
1298 1337 1372 1362 nec
1405 1327 1555 1362 bonum
1572 1312 1847 1380 ςζῖἑξὲἷιῗζζζξά

244 1385 292 1421 de
336 1395 496 1432 genere;
542 1384 611 1420 sed
656 1395 739 1420 esse
772 1382 936 1419 fratrem
968 1383 1188 1419 secundum
1223 1382 1555 1421 adinvencionem
1623 1381 1798 1444 {Jffilgefouss

188 1455 389 1479 2onovam
433 1441 590 1479 videtur
635 1453 718 1477 esse
763 1440 968 1490 superflua
1014 1449 1050 1477 et
1093 1440 1322 1490 periculosa
1361 1442 1554 1479 adieccio.
1623 1425 1795 1491 ihipfix'gli'ea

243 1500 359 1537 Multi
390 1508 526 1537 tamen
557 1508 725 1548 possunt
758 1511 801 1535 ex
833 1498 998 1548 speciali
1031 1499 1179 1547 gracia,
1225 1499 1555 1548 parvipendendo
1588 1487 1837 1558 gtpchgeg’gnrqffiey

244 1558 510 1595 tradicionem
544 1570 755 1594 onerosam
791 1557 1061 1594 retardantem
1096 1559 1143 1594 ab
1178 1558 1428 1606 ewangelicis
1462 1570 1556 1596 con·
1570 1556 1788 1620 oftheggecdan
1813 1556 1848 1585 be

244 1615 353 1663 siliis,
399 1616 495 1654 salvi
541 1616 645 1661 fieri3
691 1617 759 1652 sed
791 1628 872 1652 non
903 1615 944 1651 in
976 1624 1172 1664 quantum
1205 1616 1361 1662 fratres,
1407 1617 1477 1653 sed
1515 1616 1555 1653 in
1761 1614 1768 1624 ¹

243 1683 439 1723 quantum
493 1674 563 1710 filii
608 1673 727 1710 Cristi
779 1673 834 1710 sic
876 1672 1041 1710 faciunt.
1095 1676 1143 1710 Et
1187 1673 1285 1711 illud
1330 1673 1555 1722 periculum

187 1736 227 1768 25
242 1731 478 1769 tradicionis
523 1731 677 1768 adiecte
720 1739 852 1780 potest
895 1732 1083 1779 prodesse
1116 1744 1187 1781 per
1219 1732 1418 1769 accidens.
1462 1733 1556 1769 Ideo
1572 1741 1596 1768 It
1619 1741 1774 1770 therefore
1796 1742 1848 1771 the

242 1790 459 1839 inspiratus
502 1791 553 1826 ad
597 1791 673 1826 hoc
717 1791 834 1826 debet
878 1796 1070 1839 temptare
1114 1791 1288 1840 spiritus,
1332 1790 1367 1827 si
1403 1802 1454 1827 ex
1484 1791 1555 1827 deo
1621 1777 1808 1847 ἷὲξζξέῥῖξὲξ

242 1856 343 1895 sunt,
388 1857 438 1895 et,
482 1847 648 1886 veritate
692 1847 865 1893 inventa,
910 1847 1040 1884 facere
1084 1847 1215 1896 ipsum
1248 1848 1435 1895 fratrem;
1480 1846 1849 1910 h00t2²¹1ffi³⁰¹3w⁰⁰g¹3⁵t

243 1915 379 1943 tamen
411 1919 503 1943 raro
535 1906 677 1953 evenit,
712 1918 802 1942 cum
835 1918 909 1953 pro
943 1914 1028 1942 toto
1062 1905 1181 1942 Cristi
1215 1905 1442 1943 millenario
1474 1919 1555 1944 non
1584 1903 1710 1943 becoine
1729 1891 1835 1945 Friar}

245 1964 390 2011 evenit3
425 1973 462 2001 et
484 1976 556 2013 per
589 1976 838 2013 consequens
870 1975 941 2012 per
973 1972 1128 2000 tantum
1163 1964 1355 2013 temporis
1379 1977 1460 2001 non
1481 1965 1556 2002 fuit
1624 1951 1793 2014 ⁰2¹]{tffstff

187 2024 392 2060 3obonum
446 2024 493 2059 de
543 2034 700 2071 genere,
755 2031 791 2058 et
841 2022 908 2058 illa
958 2021 1123 2070 antiqua
1172 2024 1277 2059 bona
1322 2024 1369 2059 de
1413 2034 1557 2071 genere
1577 2021 1822 2083 xffiss'ffiffisffiffi

242 2080 472 2117 sufficerent
502 2093 576 2129 pro
607 2080 788 2118 viacione
821 2079 996 2117 ecclesie.
1039 2082 1129 2117 Non
1162 2081 1267 2117 enim
1300 2080 1366 2118 isti
1398 2081 1557 2129 religio·
1637 2065 1840 2128 butveppeus

242 2138 398 2176 siarche
454 2139 648 2176 suscitant
706 2151 853 2175 novum
913 2150 1036 2186 genus
1088 2137 1196 2186 boni,
1248 2139 1340 2176 licet
1391 2139 1556 2176 fecerint
1646 2125 1776 2155 seldom.

241 2210 388 2234 novum
422 2198 572 2233 bonum
605 2196 856 2234 individuum
904 2198 952 2232 Et
983 2195 1088 2232 istud
1121 2196 1250 2233 evidet
1282 2209 1325 2233 ex
1349 2198 1424 2233 hoc
1447 2199 1557 2246 quod

243 2268 265 2291 a
306 2263 488 2303 tempore
531 2254 777 2292 invencionis
820 2253 937 2291 huius
969 2254 1173 2302 religionis
1206 2255 1358 2303 private
1390 2255 1558 2292 invaluit

187 2316 226 2350 35
242 2313 606 2361 proporcionaliter
650 2312 905 2361 perturbacio
938 2311 978 2348 in
1012 2312 1180 2350 ecclesia
1213 2313 1421 2351 militante.
1467 2316 1556 2351 Non

244 2371 348 2407 enim
382 2380 439 2407 est
470 2380 578 2408 secta
608 2371 685 2408 ista
717 2383 787 2419 per
818 2383 859 2407 se
893 2369 1018 2418 magis
1051 2372 1157 2407 bona
1189 2372 1237 2408 de
1269 2384 1412 2419 genere
1434 2385 1554 2421 quam

243 2437 351 2465 secta
384 2429 640 2476 Machometi,
674 2429 735 2466 vel
767 2429 856 2475 alia,
891 2429 1019 2476 legem
1053 2429 1205 2465 domini
1239 2429 1483 2467 introducta.

301 2489 382 2523 Nec
405 2487 579 2524 colorari
602 2495 734 2536 potest
755 2487 864 2523 fraus
881 2499 960 2535 qua
982 2487 1192 2524 fratrifacti
1215 2489 1463 2525 seducuntur
1485 2500 1556 2537 per
1603 2493 1704 2525 There
1724 2494 1750 2525 is
1771 2504 1810 2526 no

246 2545 467 2591 mendacia,
529 2558 600 2593 per
642 2545 892 2591 munuscula,
940 2557 1011 2592 per
1054 2546 1272 2593 applausus
1317 2546 1555 2594 sophisticos
1585 2533 1833 2594 excgffiifcrggthe

185 2617 230 2649 40
244 2614 335 2639 curn
369 2602 611 2651 principium
645 2603 848 2651 religionis
870 2602 990 2640 Cristi
1022 2602 1105 2639 eius
1134 2605 1278 2641 doceat
1300 2604 1553 2642 strictitatem
1601 2602 1816 2673 effrlftlfgygssff

252 2830 256 2837 Δ
313 2807 343 2831 4.
362 2795 386 2827 5.
409 2807 417 2826 1
438 2795 523 2826 deest
548 2799 620 2834 AC;
647 2799 662 2827 3
684 2797 766 2827 deest
783 2796 821 2827 A.
967 2799 1007 2828 16.
1041 2800 1076 2826 be
1095 2807 1151 2827 ore
1182 2798 1221 2827 sit
1251 2807 1290 2827 an
1324 2807 1452 2827 erasure
1484 2800 1555 2834 AC;

244 2837 281 2859 ιν.
310 2839 525 2862 consumatum
544 2835 587 2863 C.
678 2843 719 2868 ις).
748 2834 917 2862 secundum
944 2835 1028 2863 deest
1081 2856 1086 2861 .
1176 2834 1222 2869 28,
1243 2842 1291 2870 29.
1312 2843 1382 2863 cum
1402 2850 1436 2855 —
1456 2835 1557 2863 evenit

245 2868 330 2896 deest
347 2869 382 2896 C.
456 2877 506 2903 40.
529 2870 769 2897 strictitudinem
791 2869 852 2897 BC.
