2067 3298
277 236 367 264 CAP.
388 235 439 263 IV.
743 238 801 268 DE
830 237 1135 268 BLASPHEMIA.

276 353 453 393 potestas
479 344 757 392 apostolorum
780 344 988 379 moderate
1019 352 1209 379 contenta
1232 342 1435 379 fructifere
1462 343 1593 391 pullu-

276 402 383 438 lavit.
433 403 612 438 Potestas
653 414 745 449 ergo
787 402 833 436 de
874 413 952 448 qua
991 412 1030 436 se
1069 409 1266 448 pompant
1310 413 1390 436 non
1441 401 1593 436 excedit

177 467 239 506 40³
275 468 517 508 potestatem
551 459 720 505 luciferi,
756 458 823 506 qui
856 471 938 494 non
970 458 1010 493 in
1039 467 1151 494 tanta
1175 458 1378 506 yppocrisi
1403 466 1439 494 et
1469 454 1473 510 Ι
1503 458 1592 494 illu-

275 517 388 553 sione
411 529 516 565 pape
548 517 839 553 similitudinem
861 516 1050 551 altissimo
1083 515 1300 552 simulavit.
1336 515 1459 553 Pauci
1484 516 1590 552 enim

242 573 470 611 5steterunt
509 574 550 610 in
589 576 662 611 hac
703 573 944 610 evidenciori
989 573 1253 610 similitudine
1299 573 1469 619 diaboli3
1517 587 1589 610 nec

273 633 405 669 fumus
446 645 515 668 sue
555 633 744 668 blasfeme
785 631 972 679 superbie
1006 631 1046 667 in
1079 631 1271 679 opinione
1304 640 1386 667 tam
1421 643 1591 680 peccan-

273 690 379 726 cium
413 703 533 738 quam
567 692 824 726 seductorum
857 698 939 726 tam
973 689 1127 725 diutine
1162 691 1415 725 ascendebat.

331 750 441 791 Item,
468 748 619 784 Cristus
643 747 822 796 precepit
846 746 1039 795 apostolis
1062 747 1143 783 suis
1168 746 1351 783 doctrina
1374 747 1589 794 multiplici

274 818 347 842 uec
372 806 535 853 diligere
561 807 754 841 mundum
779 817 853 841 nec
887 804 1128 850 mundialia,
1162 806 1230 841 sed
1259 805 1480 852 yppocrite,
1518 805 1589 841 fin-

220 872 408 911 10gentes
454 875 493 899 se
538 876 622 899 esse
669 862 787 898 Cristi
832 862 1017 908 vicarios,
1058 864 1130 899 hec
1170 863 1339 910 diligunt
1379 863 1586 899 excessive.

275 923 392 968 Ergo,
439 934 529 957 cum
575 921 625 957 sit
669 929 825 956 tantum
874 929 1014 956 contra
1055 920 1282 957 doctrinam
1324 929 1361 956 et
1395 923 1585 957 mandata

272 979 405 1023 Cristi,
418 978 598 1026 sequitur
608 980 717 1026 quod
733 987 823 1014 sunt
840 978 1021 1025 discipuli
1039 978 1245 1015 anticristi.
1263 980 1362 1015 Sunt
1378 979 1585 1026 yppocrite

139 1059 238 1090 Joan.
272 1036 548 1084 multipliciter
572 1037 798 1081 mendaces,
835 1035 1069 1072 simulantes
1097 1036 1311 1072 falsitatem
1339 1037 1585 1073 contrariam

125 1105 250 1148 XV719
270 1094 440 1131 veritati.
476 1096 524 1129 Et
558 1103 809 1141 assumptum
846 1094 1073 1141 argumenti
1108 1103 1218 1141 patet
1250 1095 1337 1130 Joh.
1380 1096 1439 1131 15.
1487 1095 1585 1138 Quia

216 1151 253 1183 15
271 1164 362 1188 vero
396 1153 442 1187 de
474 1152 616 1187 mundo
648 1164 720 1187 non
759 1152 861 1198 estis,
906 1152 974 1187 sed
1013 1164 1085 1201 ego
1119 1152 1221 1202 elegi
1253 1164 1320 1188 vos
1353 1153 1399 1187 de
1430 1153 1586 1190 mundo.

265 1217 477 1259 propterea
502 1210 581 1245 odit
605 1222 672 1245 νος
695 1210 870 1245 mundus.
899 1209 1133 1245 Mementote
1154 1210 1345 1246 sermonis
1368 1211 1453 1256 mei,
1477 1222 1585 1259 quem

269 1280 342 1318 ego
381 1268 466 1303 dixi
503 1268 628 1303 vobis:
666 1268 753 1303 Non
792 1275 847 1303 est
884 1279 1021 1303 servus
1060 1268 1186 1303 maior
1224 1268 1378 1304 domino
1410 1280 1490 1304 suo.
1539 1270 1587 1303 Et

146 1347 230 1379 LUC-
270 1326 409 1361 eadem
433 1325 638 1361 sentencia
662 1325 897 1372 exprimitur
918 1326 1006 1361 Joh.
1033 1335 1068 1369 2,
1097 1327 1183 1361 Joh.
1216 1326 1260 1361 18
1293 1334 1330 1361 et
1352 1325 1442 1361 Thi.
1468 1327 1505 1362 6,
1540 1328 1587 1361 Et

119 1394 252 1433 XIV'gg
269 1382 413 1419 iterum
441 1385 535 1419 Luc.
562 1395 606 1428 14
630 1382 685 1419 sic
710 1382 933 1419 concludit:
968 1383 1031 1419 Sic
1057 1384 1180 1419 omnis
1202 1395 1253 1419 ex
1276 1384 1394 1429 vobis,
1428 1384 1492 1432 qui
1513 1396 1585 1419 non

143 1440 183 1472 G·
212 1450 254 1472 20
269 1441 576 1477 renuncciaverit
599 1441 771 1477 omnibus
798 1453 868 1489 que
885 1442 1073 1490 possidet,
1107 1453 1178 1476 non
1207 1449 1335 1490 potest
1368 1453 1448 1477 esse
1481 1454 1586 1477 meus

269 1497 502 1547 discipulus,·
524 1498 591 1534 ubi
615 1511 695 1534 non
713 1498 876 1534 dubium
899 1498 996 1546 quin
1011 1499 1191 1546 loquitur
1207 1500 1255 1534 de
1272 1499 1585 1535 renunciacione

269 1556 392 1600 civili3
445 1556 591 1604 primo,
637 1556 730 1604 quia
776 1558 1000 1592 debuerunt
1044 1556 1306 1593 renuncciare
1363 1557 1403 1593 in
1448 1558 1584 1593 seculo

267 1614 455 1650 omnibus
478 1613 647 1650 terrenis
670 1616 890 1650 secundum
915 1616 1282 1662 preponderantem
1307 1614 1582 1652 affeccionem.

267 1672 335 1708 Ille
359 1684 452 1720 ergo
477 1671 544 1720 qui
570 1672 686 1720 elegit
709 1672 833 1708 iustos
858 1681 1050 1719 cognatos
1075 1674 1122 1709 de
1147 1674 1314 1718 mundo,
1349 1672 1583 1709 intendebat

210 1731 249 1764 25
267 1731 373 1777 quod
390 1730 478 1777 plus
502 1729 809 1766 renuncciarent
827 1731 962 1766 seculo
979 1743 1099 1778 quam
1117 1730 1300 1766 homines
1324 1731 1580 1778 temporales.

148 1777 214 1809 Job
236 1824 247 1828 ,
267 1787 474 1832 Similiter,
509 1797 551 1823 ut
584 1787 828 1835 Augustinus
860 1796 986 1833 notat,
1022 1788 1196 1836 apostoli
1230 1797 1266 1824 et
1298 1788 1437 1824 vicarii
1462 1788 1582 1824 Cristi

116 1823 249 1863 XLI’w
267 1847 412 1881 debent
455 1845 711 1893 singulariter
756 1845 968 1881 comittere
1013 1846 1161 1882 bellum
1211 1848 1401 1882 adversus
1447 1858 1580 1896 regem

264 1915 383 1952 super
404 1903 655 1952 omnes—filios
678 1904 876 1952 superbie,·
907 1903 988 1951 qui,
1023 1916 1113 1939 cum
1138 1904 1188 1940 sit
1214 1904 1401 1951 princeps
1426 1904 1579 1949 mundi,

265 1962 384 1997 habet
425 1970 475 1997 20
522 1960 631 1997 milia
671 1961 912 1997 bellancium
962 1970 1101 1997 contra
1142 1962 1340 2007 Cristum3
1388 1963 1461 1998 hoc
1508 1971 1579 2008 est,

208 2022 249 2054 30
264 2018 564 2055 universitatem
579 2019 867 2066 temporalium
893 2031 935 2054 ex
951 2019 1253 2066 prevaricancia
1277 2019 1578 2067 duplicancium

264 2085 404 2112 contra
450 2077 658 2112 denarium
706 2078 1004 2113 mandatorum.
1053 2077 1150 2122 Quis
1191 2090 1285 2125 ergo
1324 2077 1581 2125 singulariter

264 2134 319 2170 sic
353 2134 566 2182 agonisans
591 2143 732 2170 contra
756 2134 962 2170 diabolum
998 2135 1275 2182 indisponeret
1297 2147 1337 2170 se
1361 2135 1580 2171 inviscatus

263 2192 303 2227 in
337 2191 440 2228 rethi
474 2192 648 2228 diaboli?
682 2192 789 2237 Quin
821 2192 975 2240 pocius,
1011 2194 1152 2228 sedens
1185 2192 1227 2228 in
1251 2192 1327 2228 fide
1351 2192 1435 2239 filii,
1471 2205 1579 2229 com-

262 2258 376 2297 putat
407 2262 546 2286 omnes
579 2259 775 2297 sumptus,
819 2252 987 2295 orando,
1023 2251 1337 2299 contemplando
1371 2259 1407 2286 et
1440 2252 1579 2287 exhor-

204 2309 244 2342 35
261 2308 410 2343 tando?
434 2307 495 2343 Illi
519 2307 625 2343 enim
651 2317 835 2355 sumptus
859 2317 950 2343 sunt
966 2308 1181 2345 necessarii
1198 2310 1248 2344 ad
1265 2310 1577 2356 expugnandum

263 2365 483 2401 diabolum.
530 2365 612 2401 Etsi
653 2365 773 2401 Cristi
811 2365 982 2402 vicarius
1027 2378 1109 2402 non
1147 2365 1366 2402 comisceat
1405 2378 1444 2402 se
1485 2379 1574 2402 cum

262 2424 427 2468 mundo,
477 2432 613 2459 tamen
657 2432 742 2459 tota
787 2423 999 2471 cogitacio,
1045 2433 1130 2460 tota
1174 2423 1363 2469 intencio,
1412 2432 1448 2460 et
1492 2433 1576 2460 tota

330 2564 349 2589 1,
376 2563 391 2583 2
431 2556 581 2591 pululavit
608 2556 642 2584 C.
751 2564 776 2583 2.
804 2557 898 2587 igitur
923 2557 967 2590 (ἐς
998 2557 1035 2584 ib.
1064 2565 1135 2592 sepe
1164 2557 1197 2585 C.
1310 2558 1333 2585 5.
1362 2556 1483 2585 stetu'nt
1508 2557 1574 2585 AC.

258 2598 284 2624 7.
306 2590 510 2618 ostendebant
530 2590 565 2618 C.
641 2599 675 2618 11.
697 2591 790 2626 igitur
811 2591 844 2619 C.
927 2600 964 2619 12.
987 2596 1059 2619 sunt
1079 2592 1160 2619 enim
1185 2592 1217 2619 B.
1292 2601 1333 2626 14.
1355 2592 1515 2619 veritatem
1536 2593 1574 2619 A.

259 2648 297 2675 18.
327 2656 335 2675 1
356 2647 471 2684 Thym.
492 2648 524 2675 B.
622 2657 669 2676 20.
691 2657 749 2683 que
771 2648 833 2684 pos.
856 2658 884 2676 n.
907 2658 933 2685 p.
957 2640 1050 2676 ἔξω.
1072 2650 1110 2676 A.
1209 2657 1247 2676 21.
1269 2650 1352 2684 quod
1373 2650 1417 2684 A;
1439 2649 1523 2677 deest
1543 2650 1573 2676 Β.

256 2689 304 2716 24.
325 2683 418 2717 igitur
438 2683 478 2716 C;
500 2683 537 2709 ih.
559 2683 589 2710 in
609 2684 647 2711 A.
705 2683 745 2711 25.
768 2685 979 2712 renuncciaret
999 2683 1033 2711 C.
1091 2691 1136 2718 29.
1160 2685 1254 2711 millia
1276 2684 1310 2712 C.
1365 2683 1404 2711 31.
1426 2684 1519 2719 igitur
1540 2684 1573 2712 C.

256 2738 299 2766 32.
327 2740 370 2766 sic
397 2739 588 2774 agonisando
616 2740 681 2774 BQ
709 2741 747 2767 ib.
775 2750 806 2769 se
826 2741 911 2768 deest
929 2742 967 2768 A.
1076 2739 1117 2775 33,
1138 2740 1184 2775 34.
1214 2746 1375 2776 computat
1401 2733 1510 2776 {uptus
1539 2741 1574 2768 C.

257 2796 302 2831 36,
323 2796 366 2832 37.
388 2789 555 2825 {Emis-cent
576 2806 606 2825 se
628 2790 723 2825 mT1do
744 2798 779 2826 C.
852 2797 896 2833 37.
919 2807 949 2826 se
970 2799 1000 2826 in
1022 2807 1121 2835 marg.
1143 2800 1181 2826 A.

325 2879 358 2909 4.
385 2869 538 2900 “Similis
566 2879 625 2901 ero
654 2869 870 2901 Altissimo.''

1835 230 1884 275 59

1652 351 1743 378 while
1764 351 1843 378 their

1638 393 1744 420 power
1765 394 1851 413 more

1694 422 1798 456 nearly

1621 456 1787 482 resembles
1810 457 1874 483 that

1650 489 1685 516 of
1704 490 1835 518 Lucifer.

1675 755 1806 784 Christ's

1633 796 1776 826 precepts
1797 800 1847 819 are

1678 825 1789 853 formal
1801 837 1806 858 ;

1667 860 1809 888 absolute

1620 895 1863 924 unworldliuess

1707 931 1766 957 and

1609 965 1821 993 renunciation
1843 969 1874 994 ol

1680 1000 1798 1036 earthly

1602 1034 1879 1071 possessionsfor

1601 1068 1661 1102 all3
1682 1070 1774 1096 much
1792 1078 1878 1097 more

1684 1105 1733 1131 for
1752 1104 1799 1132 his

1659 1139 1823 1173 Apostles;

1603 1803 1624 1829 it
1644 1803 1669 1830 is
1690 1804 1874 1839 impossible

1627 1838 1793 1866 otherwise
1812 1845 1843 1867 10

1632 1880 1770 1912 conquer
1789 1875 1838 1902 the

1610 1908 1682 1943 king
1702 1909 1738 1936 of
1755 1910 1859 1943 pride:
