2067 3298
241 278 332 308 CAP.
352 276 432 308 xm]
699 281 761 314 DE
787 281 1097 314 BLASPHEMIA.

243 388 490 436 comunium,
524 400 617 436 qua,
650 396 852 425 reservato
885 388 991 424 clero
1023 400 1149 437 usque
1181 387 1472 425 sufficienciam
1505 389 1556 425 ad

242 446 477 483 alimentum
512 455 548 483 et
580 455 870 494 tegumentum,
904 446 1116 482 satisfieret
1147 447 1278 495 wulgo
1301 459 1372 494 per
1405 447 1555 483 bonum

243 503 339 541 cleri
371 504 595 541 residuum!
632 506 782 541 Revera
815 504 1031 540 defendens
1059 505 1309 541 contrarium
1332 504 1483 541 indicat
1516 517 1556 541 se

243 562 488 611 discipulum
522 562 708 600 Scarioth
747 561 920 599 avaricia
959 562 1166 599 vendentis
1206 562 1430 599 dominum.
1477 562 1556 598 Illis

210 620 349 658 §enim
396 629 454 657 est
499 620 631 657 carior
680 619 937 669 superfluitas
988 620 1274 668 temporalium
1326 633 1447 669 quam
1497 629 1556 657 tot

244 687 393 716 mortes
432 687 469 715 et
512 678 842 727 perturbaciones
880 678 1111 725 hominum3
1157 687 1193 715 et
1237 687 1332 715 tunc
1376 678 1553 724 indubie,

244 736 369 774 eciam
404 738 452 774 de
483 737 552 773 illo
576 738 684 786 quod
706 736 891 774 videntur
918 737 1077 783 habere,
1111 749 1192 773 non
1216 736 1422 785 possident
1445 736 1556 784 quic-

244 808 365 844 quam
398 795 510 833 iuste.
544 797 772 841 Quomodo,
807 807 944 844 queso,
980 795 1180 831 diceretur
1204 807 1410 843 possessor
1432 794 1555 831 vesci-

243 853 397 900 bilium,
451 853 518 902 qui
571 862 772 902 quotquot
822 852 1071 890 vescibilium
1118 854 1268 890 habens
1320 853 1555 889 facultatem

191 911 424 958 1oliberam,
470 924 513 948 ex
544 911 743 960 parcitate
781 923 901 947 avara
934 910 1047 959 fingit
1084 923 1124 947 se
1165 911 1268 947 mori
1300 910 1555 947 famelicum?

243 970 311 1006 Ille
333 978 468 1006 autem
492 978 550 1006 est
573 970 700 1006 rnulto
724 969 850 1016 magis
874 968 1155 1017 dampnabilis,
1181 968 1249 1018 qui
1272 967 1555 1017 procuratorio

243 1027 408 1065 nomine
450 1036 622 1076 occupat
667 1035 873 1064 monetam
921 1027 1099 1073 ecclesie,
1144 1035 1187 1063 ut
1234 1027 1355 1063 faciat
1400 1026 1474 1063 sibi
1520 1034 1558 1063 et

244 1085 377 1134 egenis
410 1085 561 1122 amicos
594 1087 642 1122 de
676 1098 878 1131 mamona,
914 1094 951 1121 et
982 1094 1119 1122 tamen
1151 1093 1319 1133 propter
1359 1084 1557 1121 accidiam

243 1143 339 1180 facit
361 1156 402 1180 se
424 1143 557 1192 ipsum
580 1152 617 1180 et
640 1144 739 1180 alios
762 1152 844 1179 tam
867 1155 1036 1191 corpore
1054 1155 1176 1192 quam
1200 1142 1337 1179 anima
1361 1142 1557 1191 deperire.

191 1208 226 1241 15
242 1201 352 1238 Talis
395 1210 453 1238 est
486 1201 674 1250 indignus
709 1201 818 1249 fungi
853 1200 1087 1238 sacerdocio
1128 1201 1190 1237 vel
1234 1200 1369 1237 officio
1412 1213 1559 1249 procu—

243 1259 409 1307 ratorio,
444 1272 534 1296 cum
555 1272 630 1297 nec
652 1259 726 1296 sibi
749 1259 824 1308 ipsi
846 1271 919 1296 nec
942 1258 1029 1296 aliis
1051 1258 1101 1295 sit
1124 1258 1290 1295 amicus.
1326 1260 1374 1295 Et
1396 1270 1558 1295 necesse

243 1326 301 1355 est
323 1319 431 1367 quod
453 1318 543 1355 talis
566 1318 744 1367 prelatus
767 1330 860 1354 suos
883 1319 1004 1354 ducat
1026 1317 1208 1353 subditos
1232 1317 1271 1353 in
1293 1316 1557 1365 precipicium

243 1375 370 1413 ruine.

301 1436 383 1471 Nec
415 1434 540 1483 fingat
571 1433 784 1483 yppocrita
807 1434 917 1482 quod
950 1432 1129 1470 reddicio
1162 1432 1397 1481 patrimonii
1430 1432 1557 1469 cruci-

186 1507 228 1529 20
243 1491 309 1528 fixi
341 1504 414 1541 pro
447 1493 598 1541 populo
631 1492 750 1529 nimis
783 1505 871 1529 sero
909 1492 1160 1541 succederet3
1207 1503 1281 1527 nec
1328 1490 1420 1527 licet
1465 1503 1554 1527 cum

243 1550 312 1587 illo
335 1550 579 1599 patrimonio
611 1563 774 1599 pascere
797 1550 999 1598 principes
1031 1550 1250 1596 seculares;
1285 1549 1379 1597 quia
1405 1561 1483 1598 quo
1506 1549 1557 1585 ad

242 1607 420 1657 primum
452 1618 605 1646 certum
639 1618 697 1646 est
729 1610 837 1658 quod
869 1620 913 1645 ex
946 1607 1112 1645 cecitate
1141 1607 1285 1656 prelati
1316 1606 1435 1643 nimis
1468 1619 1557 1643 sero

243 1676 502 1704 successerat.
549 1669 674 1704 Debet
712 1666 817 1703 enirn
857 1667 1033 1715 prelatus
1072 1666 1292 1703 secundum
1336 1664 1556 1702 Ezechielis

243 1725 478 1762 vaticinium
502 1738 587 1762 esse
609 1726 840 1774 speculator
864 1724 1047 1770 subditis,
1082 1732 1119 1760 et
1151 1724 1199 1759 de
1234 1722 1288 1760 eis
1321 1722 1557 1760 necessariis

188 1789 227 1821 25
245 1796 318 1832 pro
334 1785 512 1821 cavendo
530 1783 710 1832 periculo
734 1783 1070 1831 circumspectus;
1096 1791 1135 1818 et
1158 1794 1237 1830 quo
1260 1782 1311 1817 ad
1333 1783 1556 1818 secundum

244 1840 395 1879 iudicet
427 1841 611 1889 ecclesia,
644 1842 676 1878 si
709 1842 1003 1889 conglobantur
1025 1839 1268 1888 temporalia
1290 1839 1368 1876 ista
1392 1840 1557 1876 menda—

245 1899 343 1937 citer
387 1912 459 1948 pro
504 1909 614 1937 tante
658 1899 870 1948 pascendis
914 1898 1112 1936 anticristi
1157 1897 1366 1946 discipulis
1410 1898 1473 1934 vel
1516 1897 1557 1933 in

162 1975 203 2006 D·
244 1966 427 2006 ternpore
466 1968 668 2007 oportuno
713 1970 787 2006 pro
827 1956 1084 2006 protegendis
1123 1955 1382 2004 pauperibus,
1429 1955 1556 1992 eciam

1768 289 1838 325 191

1604 455 1676 482 And
1699 456 1808 484 whoso

1656 491 1759 518 thinks

1626 525 1791 553 otherwise

1598 560 1715 593 prefers
1735 562 1821 588 these

1613 595 1810 629 superfluous

1598 628 1696 656 siches
1717 634 1748 657 to
1771 631 1821 658 the

1595 663 1669 690 lives
1690 665 1725 691 of
1742 673 1823 693 men.

1592 698 1679 735 They
1698 707 1749 726 are
1770 705 1823 727 not

1629 742 1702 760 even
1725 736 1784 762 real

1580 776 1772 804 possessors,
1794 770 1842 797 for

1612 803 1670 830 like
1690 804 1802 832 misers

1587 839 1656 874 they
1678 843 1732 874 put
1751 840 1831 867 their

1595 881 1705 910 money
1726 878 1757 901 to
1780 883 1818 901 no

1675 917 1738 936 use.

1591 1093 1672 1122 Such
1694 1095 1825 1130 prelates

1626 1129 1691 1156 lead
1713 1131 1793 1159 their

1574 1164 1707 1199 subjects
1722 1170 1752 1192 to
1768 1167 1847 1194 ruin.

1593 1500 1649 1528 Let
1668 1501 1750 1529 them
1772 1508 1826 1531 not

1593 1544 1647 1571 say
1668 1537 1713 1564 “it
1733 1538 1759 1564 is
1779 1543 1830 1566 100

1587 1570 1643 1597 late
1663 1575 1694 1598 to
1715 1577 1831 1601 restore

1595 1605 1656 1632 this
1677 1612 1824 1645 property

1587 1644 1618 1667 to
1639 1641 1689 1668 the
1708 1643 1829 1678 people,

1594 1676 1653 1702 and
1674 1685 1720 1704 we
1741 1683 1826 1706 must

1596 1715 1650 1737 not
1669 1712 1736 1750 give
1756 1713 1780 1760 i’t
1798 1718 1829 1740 to

1600 1754 1813 1810 Tfiguizclifirhh

1604 1816 1733 1854 ‚should
1757 1817 1792 1844 be

1603 1851 1693 1886 Judge
1713 1852 1748 1879 of
1766 1852 1816 1880 the

1606 1887 1817 1949 emgflotffiment

1740 1930 1765 1949 ls

1633 1961 1788 1993 property.

245 2016 455 2065 supposito
493 2018 601 2066 quod
639 2028 759 2065 super
798 2027 865 2052 eos
905 2014 1105 2063 principes
1143 2013 1398 2062 tyrranisent.
1444 2014 1639 2059 Item,The
1660 2026 1762 2062 clergy
1777 2027 1848 2054 who

189 2081 230 2114 30
245 2083 387 2111 notum
410 2075 568 2112 videtur
590 2076 697 2124 quod
725 2073 838 2122 origo
871 2073 988 2110 huius
1021 2072 1222 2109 discordie
1254 2071 1304 2108 sit
1338 2070 1558 2108 debellacio

246 2141 492 2183 exterorum3
536 2134 606 2170 sed
638 2134 750 2169 focus
789 2140 826 2168 et
866 2130 1080 2168 concilium
1113 2130 1232 2166 huius
1272 2129 1558 2166 debellacionis

245 2200 338 2228 sunt
370 2191 502 2228 clerici
528 2200 565 2228 et
586 2190 747 2239 prelati:
782 2202 876 2238 ergo
907 2188 1036 2226 tocius
1070 2187 1228 2224 malicie
1261 2186 1557 2236 consequentis.

246 2248 287 2285 Si
320 2249 427 2286 enim
459 2262 540 2286 non
572 2249 629 2286 sic
662 2248 909 2285 debellarent
932 2255 1099 2292 exteros,
1134 2259 1215 2283 non
1238 2245 1293 2282 sic
1316 2245 1558 2293 spoliaretur

1587 2060 1697 2088 stirred
1719 2070 1760 2097 up
1780 2062 1831 2089 the

1641 2104 1706 2123 war
1725 2105 1776 2124 are

1579 2131 1772 2166 responsible
1791 2132 1840 2159 for

1595 2166 1646 2192 the
1665 2167 1822 2193 exactions

1598 2200 1700 2228 which
1720 2201 1767 2228 led
1788 2206 1819 2229 to

1579 2236 1629 2262 the
1649 2236 1707 2263 late
1728 2237 1835 2264 revolt.

1611 2270 1753 2298 Morever
1772 2271 1822 2299 the

246 2319 414 2355 regnum
437 2316 619 2344 nostrum
643 2305 838 2356 peccunia
862 2314 899 2342 et
921 2304 1117 2353 personis,
1148 2317 1169 2341 a
1200 2304 1344 2352 quibus
1368 2303 1558 2340 deficiens
1572 2305 1622 2332 the
1643 2306 1774 2345 sqldiers
1797 2314 1849 2334 are

189 2370 228 2404 35
245 2374 403 2414 oportet
436 2379 528 2403 suos
560 2365 799 2402 intrinsecos
832 2363 1026 2412 spoliare;
1071 2362 1180 2411 quia,
1215 2364 1310 2398 dum
1344 2362 1557 2398 thesaurus

245 2423 409 2461 bellanti
455 2424 630 2470 deficiat,
681 2434 843 2460 necesse
889 2430 947 2458 est
985 2421 1095 2470 quod
1132 2420 1276 2469 spoliet
1321 2421 1368 2456 de
1413 2419 1559 2468 egenis.

245 2483 335 2518 Non
368 2481 473 2519 enim
512 2481 684 2519 asuescit
722 2481 763 2517 in
802 2480 906 2517 bello
945 2479 1002 2516 sic
1043 2478 1220 2515 moribus
1258 2478 1319 2515 vel
1350 2477 1556 2524 laboricio‚

245 2548 289 2575 ut
309 2540 470 2577 veniens
502 2539 543 2576 in
574 2552 741 2588 regnum
764 2537 975 2587 proprium
1011 2536 1215 2574 contineat
1247 2549 1289 2573 se
1321 2537 1370 2572 ab
1403 2535 1559 2572 iniuriis

247 2597 374 2634 eciam
392 2598 577 2647 proximi,
601 2611 691 2635 cum
717 2597 823 2634 mala
846 2596 1095 2633 consuetudo
1113 2595 1278 2632 suscitat
1295 2593 1370 2630 sibi
1388 2594 1557 2642 prolem.

248 2847 253 2853 ⁴
317 2822 337 2841 1.
358 2814 437 2841 ultra
450 2813 523 2853 AC3
544 2813 582 2841 ib.
603 2813 640 2853 ad
660 2813 746 2840 deest
764 2813 803 2840 A.
825 2847 831 2853 ῃ
876 2820 905 2847 9.
924 2800 1022 2851 vestffi
1044 2809 1078 2839 C.
1151 2809 1178 2838 8.
1200 2808 1273 2837 sinit
1292 2808 1352 2849 BC..
1426 2816 1465 2849 t7.
1487 2807 1559 2849 sub-

246 2853 342 2876 lectos
361 2848 448 2884 after
465 2849 534 2876 talis
554 2848 592 2883 B;
625 2848 663 2875 τὸ.
684 2856 757 2888 suos
776 2847 924 2899 thfe¹C;
958 2846 996 2873 zb.
1017 2845 1109 2873 ducat
1127 2845 1212 2873 deest
1228 2844 1302 2878 AC;
1335 2845 1374 2883 τίκ,
1401 2844 1559 2907 ἓῃσοτᾱᾶε

246 2883 389 2954 {azera
415 2883 854 2947 ae2{{·K.‘³“¹¹¹}¹5.‘’ss1²22‘}afi²r35
863 2882 909 2945 ²1²3:
934 2880 1027 2944 qussg.
1044 2880 1187 2943 tiata}
1199 2915 1240 2943 A.
1289 2881 1337 2907 ²⁶·
1367 2887 1398 2907 ¹¹¹
1423 2887 1500 2907 ¹⁰e¹¹¹
1549 2898 1557 2908 ·

1624 2341 1742 2368 trained
1764 2341 1793 2368 in

1635 2375 1736 2403 habits
1756 2376 1792 2403 of

1617 2410 1810 2446 maranding.
