<?xml version="1.0" encoding="UTF-8"?>
<!DOCTYPE html PUBLIC "-//W3C//DTD XHTML 1.0 Transitional//EN"
    "http://www.w3.org/TR/xhtml1/DTD/xhtml1-transitional.dtd">
<html xmlns="http://www.w3.org/1999/xhtml" xml:lang="en" lang="en">
 <head>
  <title>
</title>
<meta http-equiv="Content-Type" content="text/html;charset=utf-8" />
  <meta name='ocr-system' content='tesseract 3.04.00' />
  <meta name='ocr-capabilities' content='ocr_page ocr_carea ocr_par ocr_line ocrx_word'/>
</head>
<body>
  <div class='ocr_page' id='page_1' title='image "./tractatusdeblasp00wycl_0071.png"; bbox 0 0 2067 3298; ppageno 0'>
   <div class='ocr_carea' id='block_1_1' title="bbox 231 881 267 902">
    <p class='ocr_par' dir='ltr' id='par_1_1' title="bbox 231 881 267 902">
     <span class='ocr_line' id='line_1_1' title="bbox 231 881 267 902; baseline 0 0"><span class='ocrx_word' id='word_1_1' title='bbox 231 881 267 902; x_wconf 89' lang='lat'>10</span> 
     </span>
    </p>
   </div>
   <div class='ocr_carea' id='block_1_2' title="bbox 229 1159 265 1192">
    <p class='ocr_par' dir='ltr' id='par_1_2' title="bbox 229 1159 265 1192">
     <span class='ocr_line' id='line_1_2' title="bbox 229 1159 265 1192; baseline 0.028 -1"><span class='ocrx_word' id='word_1_2' title='bbox 229 1159 265 1192; x_wconf 79' lang='lat'>15</span> 
     </span>
    </p>
   </div>
   <div class='ocr_carea' id='block_1_3' title="bbox 193 2032 269 2064">
    <p class='ocr_par' dir='ltr' id='par_1_3' title="bbox 193 2032 269 2064">
     <span class='ocr_line' id='line_1_3' title="bbox 193 2032 269 2064; baseline 0.013 -2"><span class='ocrx_word' id='word_1_3' title='bbox 193 2032 269 2064; x_wconf 80' lang='lat' dir='ltr'>.3o</span> 
     </span>
    </p>
   </div>
   <div class='ocr_carea' id='block_1_4' title="bbox 229 2318 268 2352">
    <p class='ocr_par' dir='ltr' id='par_1_4' title="bbox 229 2318 268 2352">
     <span class='ocr_line' id='line_1_4' title="bbox 229 2318 268 2352; baseline -0.026 0"><span class='ocrx_word' id='word_1_4' title='bbox 229 2318 268 2352; x_wconf 79' lang='lat'>35</span> 
     </span>
    </p>
   </div>
   <div class='ocr_carea' id='block_1_5' title="bbox 284 234 1888 281">
    <p class='ocr_par' dir='ltr' id='par_1_5' title="bbox 284 234 1888 281">
     <span class='ocr_line' id='line_1_5' title="bbox 284 234 1888 281; baseline 0.009 -20"><span class='ocrx_word' id='word_1_5' title='bbox 284 234 374 262; x_wconf 77' lang='lat' dir='ltr'>CAP.</span> <span class='ocrx_word' id='word_1_6' title='bbox 394 235 431 262; x_wconf 91' lang='lat' dir='ltr'>II.</span> <span class='ocrx_word' id='word_1_7' title='bbox 766 237 825 268; x_wconf 88' lang='lat' dir='ltr'>DE</span> <span class='ocrx_word' id='word_1_8' title='bbox 853 237 1160 269; x_wconf 79' lang='lat' dir='ltr'>BLASPHEMIA.</span> <span class='ocrx_word' id='word_1_9' title='bbox 1838 243 1888 281; x_wconf 87' lang='lat'>27</span> 
     </span>
    </p>
   </div>
   <div class='ocr_carea' id='block_1_6' title="bbox 283 343 1601 614">
    <p class='ocr_par' dir='ltr' id='par_1_6' title="bbox 283 343 1601 614">
     <span class='ocr_line' id='line_1_6' title="bbox 283 343 1601 392; baseline 0.003 -13"><span class='ocrx_word' id='word_1_10' title='bbox 283 352 418 392; x_wconf 88' lang='lat' dir='ltr'>petere</span> <span class='ocrx_word' id='word_1_11' title='bbox 451 344 524 379; x_wconf 90' lang='lat' dir='ltr'>deo</span> <span class='ocrx_word' id='word_1_12' title='bbox 558 344 675 382; x_wconf 89' lang='lat' dir='ltr'>bono.</span> <span class='ocrx_word' id='word_1_13' title='bbox 706 345 787 379; x_wconf 85' lang='lat' dir='ltr'>Nec</span> <span class='ocrx_word' id='word_1_14' title='bbox 809 343 1156 392; x_wconf 88' lang='lat' dir='ltr'>sophisticandum</span> <span class='ocrx_word' id='word_1_15' title='bbox 1190 353 1247 380; x_wconf 89' lang='lat' dir='ltr'>est</span> <span class='ocrx_word' id='word_1_16' title='bbox 1280 357 1371 381; x_wconf 90' lang='lat' dir='ltr'>cum</span> <span class='ocrx_word' id='word_1_17' title='bbox 1396 346 1470 382; x_wconf 93' lang='lat' dir='ltr'>deo</span> <span class='ocrx_word' id='word_1_18' title='bbox 1495 347 1601 383; x_wconf 92' lang='lat' dir='ltr'>bono</span> 
     </span>
     <span class='ocr_line' id='line_1_7' title="bbox 283 401 1599 450; baseline 0.002 -13"><span class='ocrx_word' id='word_1_19' title='bbox 283 403 392 450; x_wconf 90' lang='lat' dir='ltr'>quod</span> <span class='ocrx_word' id='word_1_20' title='bbox 415 401 528 449; x_wconf 90' lang='lat' dir='ltr'>panis</span> <span class='ocrx_word' id='word_1_21' title='bbox 551 401 616 437; x_wconf 91' lang='lat' dir='ltr'>ille</span> <span class='ocrx_word' id='word_1_22' title='bbox 646 414 727 437; x_wconf 91' lang='lat' dir='ltr'>non</span> <span class='ocrx_word' id='word_1_23' title='bbox 761 401 993 447; x_wconf 82' lang='lat' dir='ltr'>destruitur,</span> <span class='ocrx_word' id='word_1_24' title='bbox 1027 401 1119 438; x_wconf 89' lang='lat' dir='ltr'>licet</span> <span class='ocrx_word' id='word_1_25' title='bbox 1152 403 1372 439; x_wconf 89' lang='lat' dir='ltr'>secundum</span> <span class='ocrx_word' id='word_1_26' title='bbox 1399 416 1440 439; x_wconf 87' lang='lat' dir='ltr'>se</span> <span class='ocrx_word' id='word_1_27' title='bbox 1469 412 1599 440; x_wconf 87' lang='lat' dir='ltr'>totum</span> 
     </span>
     <span class='ocr_line' id='line_1_8' title="bbox 284 459 1599 507; baseline 0.002 -11"><span class='ocrx_word' id='word_1_28' title='bbox 284 467 580 506; x_wconf 80' lang='lat' dir='ltr'>corrumpatur,</span> <span class='ocrx_word' id='word_1_29' title='bbox 621 459 677 495; x_wconf 91' lang='lat' dir='ltr'>sic</span> <span class='ocrx_word' id='word_1_30' title='bbox 717 461 825 507; x_wconf 89' lang='lat' dir='ltr'>quod</span> <span class='ocrx_word' id='word_1_31' title='bbox 858 460 967 495; x_wconf 88' lang='lat' dir='ltr'>nulla</span> <span class='ocrx_word' id='word_1_32' title='bbox 1009 459 1092 495; x_wconf 90' lang='lat' dir='ltr'>eius</span> <span class='ocrx_word' id='word_1_33' title='bbox 1125 473 1218 507; x_wconf 90' lang='lat' dir='ltr'>pars</span> <span class='ocrx_word' id='word_1_34' title='bbox 1251 470 1434 497; x_wconf 81' lang='lat' dir='ltr'>remanet</span> <span class='ocrx_word' id='word_1_35' title='bbox 1466 461 1507 497; x_wconf 93' lang='lat' dir='ltr'>in</span> <span class='ocrx_word' id='word_1_36' title='bbox 1539 463 1599 498; x_wconf 89' lang='lat' dir='ltr'>sui</span> 
     </span>
     <span class='ocr_line' id='line_1_9' title="bbox 284 516 1599 565; baseline 0.002 -11"><span class='ocrx_word' id='word_1_37' title='bbox 284 526 441 563; x_wconf 83' lang='lat' dir='ltr'>natura,</span> <span class='ocrx_word' id='word_1_38' title='bbox 482 529 554 553; x_wconf 91' lang='lat' dir='ltr'>nec</span> <span class='ocrx_word' id='word_1_39' title='bbox 592 517 631 553; x_wconf 91' lang='lat' dir='ltr'>in</span> <span class='ocrx_word' id='word_1_40' title='bbox 672 530 841 565; x_wconf 86' lang='lat' dir='ltr'>corpore</span> <span class='ocrx_word' id='word_1_41' title='bbox 882 516 1013 563; x_wconf 86' lang='lat' dir='ltr'>Cristi,</span> <span class='ocrx_word' id='word_1_42' title='bbox 1060 519 1129 554; x_wconf 89' lang='lat' dir='ltr'>sed</span> <span class='ocrx_word' id='word_1_43' title='bbox 1173 526 1304 554; x_wconf 89' lang='lat' dir='ltr'>toturn</span> <span class='ocrx_word' id='word_1_44' title='bbox 1350 532 1466 555; x_wconf 89' lang='lat' dir='ltr'>suum</span> <span class='ocrx_word' id='word_1_45' title='bbox 1515 532 1599 556; x_wconf 90' lang='lat' dir='ltr'>esse</span> 
     </span>
     <span class='ocr_line' id='line_1_10' title="bbox 284 574 1599 614; baseline 0.002 -3"><span class='ocrx_word' id='word_1_46' title='bbox 284 584 462 612; x_wconf 89' lang='lat' dir='ltr'>creatum</span> <span class='ocrx_word' id='word_1_47' title='bbox 498 574 663 612; x_wconf 86' lang='lat' dir='ltr'>tollitur.</span> <span class='ocrx_word' id='word_1_48' title='bbox 711 577 861 611; x_wconf 82' lang='lat' dir='ltr'>Revera</span> <span class='ocrx_word' id='word_1_49' title='bbox 895 575 1129 612; x_wconf 88' lang='lat' dir='ltr'>Manicheus</span> <span class='ocrx_word' id='word_1_50' title='bbox 1163 577 1345 613; x_wconf 86' lang='lat' dir='ltr'>horreret</span> <span class='ocrx_word' id='word_1_51' title='bbox 1379 579 1599 614; x_wconf 79' lang='lat' dir='ltr'>concedere</span> 
     </span>
    </p>
   </div>
   <div class='ocr_carea' id='block_1_7' title="bbox 282 633 1892 748">
    <p class='ocr_par' dir='ltr' id='par_1_7' title="bbox 282 633 1892 748">
     <span class='ocr_line' id='line_1_11' title="bbox 282 633 1859 691; baseline 0.001 -22"><span class='ocrx_word' id='word_1_52' title='bbox 282 633 390 669; x_wconf 88' lang='lat' dir='ltr'>istud</span> <span class='ocrx_word' id='word_1_53' title='bbox 413 642 643 680; x_wconf 86' lang='lat' dir='ltr'>competere</span> <span class='ocrx_word' id='word_1_54' title='bbox 667 634 741 669; x_wconf 89' lang='lat' dir='ltr'>deo</span> <span class='ocrx_word' id='word_1_55' title='bbox 757 633 876 670; x_wconf 84' lang='lat' dir='ltr'>malo.</span> <span class='ocrx_word' id='word_1_56' title='bbox 902 635 1087 670; x_wconf 84' lang='lat' dir='ltr'>Secunda</span> <span class='ocrx_word' id='word_1_57' title='bbox 1111 634 1319 671; x_wconf 79' lang='lat' dir='ltr'>blasfemia</span> <span class='ocrx_word' id='word_1_58' title='bbox 1338 648 1416 683; x_wconf 88' lang='lat' dir='ltr'>qua</span> <span class='ocrx_word' id='word_1_59' title='bbox 1431 637 1596 672; x_wconf 85' lang='lat' dir='ltr'>verbum</span> <span class='ocrx_word' id='word_1_60' title='bbox 1649 650 1674 670; x_wconf 86' lang='lat'>2.</span> <span class='ocrx_word' id='word_1_61' title='bbox 1696 643 1859 691; x_wconf 33' lang='lat' dir='ltr'>They-say</span> 
     </span>
     <span class='ocr_line' id='line_1_12' title="bbox 282 678 1892 748; baseline 0.001 -21"><span class='ocrx_word' id='word_1_62' title='bbox 282 692 378 728; x_wconf 87' lang='lat' dir='ltr'>false</span> <span class='ocrx_word' id='word_1_63' title='bbox 412 691 559 727; x_wconf 90' lang='lat' dir='ltr'>colitur</span> <span class='ocrx_word' id='word_1_64' title='bbox 592 700 649 727; x_wconf 89' lang='lat' dir='ltr'>est</span> <span class='ocrx_word' id='word_1_65' title='bbox 680 700 866 728; x_wconf 87' lang='lat' dir='ltr'>vocaturn</span> <span class='ocrx_word' id='word_1_66' title='bbox 903 691 1141 728; x_wconf 84' lang='lat' dir='ltr'>miraculum</span> <span class='ocrx_word' id='word_1_67' title='bbox 1184 705 1263 741; x_wconf 89' lang='lat' dir='ltr'>quo</span> <span class='ocrx_word' id='word_1_68' title='bbox 1299 693 1445 729; x_wconf 88' lang='lat' dir='ltr'>dicitur</span> <span class='ocrx_word' id='word_1_69' title='bbox 1479 694 1596 729; x_wconf 90' lang='lat' dir='ltr'>deum</span> <span class='ocrx_word' id='word_1_70' title='bbox 1615 678 1705 748; x_wconf 40' lang='lat' dir='ltr'>315¹}ss</span> <span class='ocrx_word' id='word_1_71' title='bbox 1722 678 1892 747; x_wconf 52' lang='grc' dir='ltr'>ῑξᾟῇζζζῃῑ</span> 
     </span>
    </p>
   </div>
   <div class='ocr_carea' id='block_1_8' title="bbox 283 749 1880 810">
    <p class='ocr_par' dir='ltr' id='par_1_8' title="bbox 283 748 1880 810">
     <span class='ocr_line' id='line_1_13' title="bbox 283 749 1880 810; baseline 0.002 -25"><span class='ocrx_word' id='word_1_72' title='bbox 283 749 505 797; x_wconf 81' lang='lat' dir='ltr'>sapientem</span> <span class='ocrx_word' id='word_1_73' title='bbox 541 750 741 785; x_wconf 82' lang='lat' dir='ltr'>adducere</span> <span class='ocrx_word' id='word_1_74' title='bbox 764 750 824 786; x_wconf 86' lang='lat' dir='ltr'>vel</span> <span class='ocrx_word' id='word_1_75' title='bbox 842 750 1206 798; x_wconf 89' lang='lat' dir='ltr'>commultiplicare</span> <span class='ocrx_word' id='word_1_76' title='bbox 1230 759 1359 787; x_wconf 88' lang='lat' dir='ltr'>totum</span> <span class='ocrx_word' id='word_1_77' title='bbox 1384 764 1597 787; x_wconf 86' lang='lat' dir='ltr'>numerum</span> <span class='ocrx_word' id='word_1_78' title='bbox 1626 756 1660 809; x_wconf 45' lang='grc' dir='ltr'>ἕξ</span> <span class='ocrx_word' id='word_1_79' title='bbox 1677 753 1880 810; x_wconf 46' lang='grc' dir='ltr'>ζιζὲῑζῐοῑζῗῑὲἶὲ</span> 
     </span>
    </p>
   </div>
   <div class='ocr_carea' id='block_1_9' title="bbox 283 807 1854 856">
    <p class='ocr_par' dir='ltr' id='par_1_9' title="bbox 283 807 1854 856">
     <span class='ocr_line' id='line_1_14' title="bbox 283 807 1854 856; baseline 0.001 -14"><span class='ocrx_word' id='word_1_80' title='bbox 283 807 519 855; x_wconf 82' lang='lat' dir='ltr'>quantitatis</span> <span class='ocrx_word' id='word_1_81' title='bbox 553 807 844 853; x_wconf 84' lang='lat' dir='ltr'>continuitatis,</span> <span class='ocrx_word' id='word_1_82' title='bbox 878 808 938 843; x_wconf 93' lang='lat' dir='ltr'>vel</span> <span class='ocrx_word' id='word_1_83' title='bbox 972 807 1097 855; x_wconf 81' lang='lat' dir='ltr'>figure</span> <span class='ocrx_word' id='word_1_84' title='bbox 1131 808 1312 856; x_wconf 84' lang='lat' dir='ltr'>corporis</span> <span class='ocrx_word' id='word_1_85' title='bbox 1345 809 1405 845; x_wconf 90' lang='lat' dir='ltr'>sui</span> <span class='ocrx_word' id='word_1_86' title='bbox 1438 810 1480 845; x_wconf 89' lang='lat' dir='ltr'>in</span> <span class='ocrx_word' id='word_1_87' title='bbox 1514 810 1598 845; x_wconf 88' lang='lat' dir='ltr'>celo</span> <span class='ocrx_word' id='word_1_88' title='bbox 1643 825 1682 844; x_wconf 88' lang='lat' dir='ltr'>no</span> <span class='ocrx_word' id='word_1_89' title='bbox 1706 825 1854 852; x_wconf 69' lang='lat' dir='ltr'>purpose,</span> 
     </span>
    </p>
   </div>
   <div class='ocr_carea' id='block_1_10' title="bbox 283 852 1874 922">
    <p class='ocr_par' dir='ltr' id='par_1_10' title="bbox 283 852 1874 922">
     <span class='ocr_line' id='line_1_15' title="bbox 283 852 1874 922; baseline 0.002 -22"><span class='ocrx_word' id='word_1_90' title='bbox 283 867 332 901; x_wconf 90' lang='lat' dir='ltr'>ad</span> <span class='ocrx_word' id='word_1_91' title='bbox 366 877 526 901; x_wconf 89' lang='lat' dir='ltr'>omnem</span> <span class='ocrx_word' id='word_1_92' title='bbox 563 874 755 912; x_wconf 89' lang='lat' dir='ltr'>punctum</span> <span class='ocrx_word' id='word_1_93' title='bbox 792 865 1038 912; x_wconf 69' lang='lat' dir='ltr'>Eultaristie3</span> <span class='ocrx_word' id='word_1_94' title='bbox 1073 874 1111 902; x_wconf 88' lang='lat' dir='ltr'>et</span> <span class='ocrx_word' id='word_1_95' title='bbox 1144 875 1280 903; x_wconf 89' lang='lat' dir='ltr'>tamen</span> <span class='ocrx_word' id='word_1_96' title='bbox 1312 867 1457 903; x_wconf 88' lang='lat' dir='ltr'>virtute</span> <span class='ocrx_word' id='word_1_97' title='bbox 1490 867 1599 903; x_wconf 89' lang='lat' dir='ltr'>verbi</span> <span class='ocrx_word' id='word_1_98' title='bbox 1630 860 1715 914; x_wconf 53' lang='lat' dir='ltr'><strong>⁵¹22ss</strong></span> <span class='ocrx_word' id='word_1_99' title='bbox 1735 852 1874 922; x_wconf 46' lang='lat' dir='ltr'>{lieledptes</span> 
     </span>
    </p>
   </div>
   <div class='ocr_carea' id='block_1_11' title="bbox 282 922 1826 1090">
    <p class='ocr_par' dir='ltr' id='par_1_11' title="bbox 282 922 1826 1090">
     <span class='ocr_line' id='line_1_16' title="bbox 283 922 1826 969; baseline 0.002 -10"><span class='ocrx_word' id='word_1_100' title='bbox 283 923 346 959; x_wconf 89' lang='lat' dir='ltr'>dei</span> <span class='ocrx_word' id='word_1_101' title='bbox 379 932 507 959; x_wconf 90' lang='lat' dir='ltr'>totum</span> <span class='ocrx_word' id='word_1_102' title='bbox 543 924 618 959; x_wconf 89' lang='lat' dir='ltr'>hoc</span> <span class='ocrx_word' id='word_1_103' title='bbox 643 923 727 959; x_wconf 84' lang='lat' dir='ltr'>fieri</span> <span class='ocrx_word' id='word_1_104' title='bbox 760 923 845 959; x_wconf 91' lang='lat' dir='ltr'>sine</span> <span class='ocrx_word' id='word_1_105' title='bbox 879 936 1012 969; x_wconf 76' lang='lat' dir='ltr'>causa,</span> <span class='ocrx_word' id='word_1_106' title='bbox 1046 937 1135 960; x_wconf 88' lang='lat' dir='ltr'>cum</span> <span class='ocrx_word' id='word_1_107' title='bbox 1163 924 1287 960; x_wconf 87' lang='lat' dir='ltr'>nichil</span> <span class='ocrx_word' id='word_1_108' title='bbox 1320 924 1375 961; x_wconf 93' lang='lat' dir='ltr'>ibi</span> <span class='ocrx_word' id='word_1_109' title='bbox 1408 925 1599 961; x_wconf 88' lang='lat' dir='ltr'>informat</span> <span class='ocrx_word' id='word_1_110' title='bbox 1676 922 1826 958; x_wconf 72' lang='lat' dir='ltr'>quantity.</span> 
     </span>
     <span class='ocr_line' id='line_1_17' title="bbox 282 980 1599 1031; baseline 0.002 -14"><span class='ocrx_word' id='word_1_111' title='bbox 282 980 364 1017; x_wconf 87' lang='lat' dir='ltr'>sive</span> <span class='ocrx_word' id='word_1_112' title='bbox 405 980 661 1029; x_wconf 82' lang='lat' dir='ltr'>quantificat:</span> <span class='ocrx_word' id='word_1_113' title='bbox 707 981 800 1029; x_wconf 89' lang='lat' dir='ltr'>quia</span> <span class='ocrx_word' id='word_1_114' title='bbox 840 981 955 1017; x_wconf 87' lang='lat' dir='ltr'>aliter</span> <span class='ocrx_word' id='word_1_115' title='bbox 994 982 1096 1018; x_wconf 90' lang='lat' dir='ltr'>foret</span> <span class='ocrx_word' id='word_1_116' title='bbox 1136 995 1281 1030; x_wconf 90' lang='lat' dir='ltr'>corpus</span> <span class='ocrx_word' id='word_1_117' title='bbox 1321 982 1440 1020; x_wconf 91' lang='lat' dir='ltr'>Cristi</span> <span class='ocrx_word' id='word_1_118' title='bbox 1480 983 1599 1031; x_wconf 90' lang='lat' dir='ltr'>septi-</span> 
     </span>
     <span class='ocr_line' id='line_1_18' title="bbox 283 1039 1599 1090; baseline 0.002 -16"><span class='ocrx_word' id='word_1_119' title='bbox 283 1039 426 1087; x_wconf 87' lang='lat' dir='ltr'>pedale</span> <span class='ocrx_word' id='word_1_120' title='bbox 460 1041 508 1075; x_wconf 90' lang='lat' dir='ltr'>ad</span> <span class='ocrx_word' id='word_1_121' title='bbox 543 1051 690 1075; x_wconf 86' lang='lat' dir='ltr'>omnen</span> <span class='ocrx_word' id='word_1_122' title='bbox 731 1047 926 1087; x_wconf 85' lang='lat' dir='ltr'>punctum</span> <span class='ocrx_word' id='word_1_123' title='bbox 967 1039 1110 1086; x_wconf 83' lang='lat' dir='ltr'>hostie,</span> <span class='ocrx_word' id='word_1_124' title='bbox 1152 1049 1188 1076; x_wconf 91' lang='lat' dir='ltr'>et</span> <span class='ocrx_word' id='word_1_125' title='bbox 1228 1042 1599 1090; x_wconf 88' lang='lat' dir='ltr'>quomodocunque</span> 
     </span>
    </p>
   </div>
   <div class='ocr_carea' id='block_1_12' title="bbox 283 1096 1882 1146">
    <p class='ocr_par' dir='ltr' id='par_1_12' title="bbox 283 1096 1882 1146">
     <span class='ocr_line' id='line_1_19' title="bbox 283 1096 1882 1146; baseline 0.001 -13"><span class='ocrx_word' id='word_1_126' title='bbox 283 1097 512 1145; x_wconf 79' lang='lat' dir='ltr'>figuratum.</span> <span class='ocrx_word' id='word_1_127' title='bbox 557 1096 700 1133; x_wconf 84' lang='lat' dir='ltr'>Tereia</span> <span class='ocrx_word' id='word_1_128' title='bbox 740 1096 950 1133; x_wconf 85' lang='lat' dir='ltr'>blasfemia</span> <span class='ocrx_word' id='word_1_129' title='bbox 991 1111 1068 1146; x_wconf 91' lang='lat' dir='ltr'>que</span> <span class='ocrx_word' id='word_1_130' title='bbox 1109 1097 1148 1133; x_wconf 93' lang='lat' dir='ltr'>in</span> <span class='ocrx_word' id='word_1_131' title='bbox 1186 1098 1368 1146; x_wconf 88' lang='lat' dir='ltr'>spiritum</span> <span class='ocrx_word' id='word_1_132' title='bbox 1411 1109 1594 1136; x_wconf 87' lang='lat' dir='ltr'>sanctum</span> <span class='ocrx_word' id='word_1_133' title='bbox 1619 1107 1690 1134; x_wconf 86' lang='lat' dir='ltr'>And</span> <span class='ocrx_word' id='word_1_134' title='bbox 1714 1105 1737 1134; x_wconf 83' lang='lat'>3.</span> <span class='ocrx_word' id='word_1_135' title='bbox 1759 1108 1824 1134; x_wconf 76' lang='lat' dir='ltr'>that</span> <span class='ocrx_word' id='word_1_136' title='bbox 1845 1108 1882 1134; x_wconf 83' lang='lat' dir='ltr'>all</span> 
     </span>
    </p>
   </div>
   <div class='ocr_carea' id='block_1_13' title="bbox 285 1142 1892 1212">
    <p class='ocr_par' dir='ltr' id='par_1_13' title="bbox 285 1142 1892 1212">
     <span class='ocr_line' id='line_1_20' title="bbox 424 1142 1858 1169; baseline 0.008 -11"><span class='ocrx_word' id='word_1_137' title='bbox 424 1155 431 1161; x_wconf 82' lang='lat'>.</span> <span class='ocrx_word' id='word_1_138' title='bbox 474 1155 481 1160; x_wconf 90' lang='lat'>.</span> <span class='ocrx_word' id='word_1_139' title='bbox 710 1154 716 1160; x_wconf 94' lang='lat'>.</span> <span class='ocrx_word' id='word_1_140' title='bbox 788 1154 795 1160; x_wconf 87' lang='lat'>.</span> <span class='ocrx_word' id='word_1_141' title='bbox 1569 1158 1575 1163; x_wconf 90' lang='lat'>-</span> <span class='ocrx_word' id='word_1_142' title='bbox 1642 1142 1693 1168; x_wconf 82' lang='lat' dir='ltr'>the</span> <span class='ocrx_word' id='word_1_143' title='bbox 1714 1143 1858 1169; x_wconf 73' lang='lat' dir='ltr'>Qualities</span> 
     </span>
     <span class='ocr_line' id='line_1_21' title="bbox 285 1157 1892 1212; baseline 0.003 -21"><span class='ocrx_word' id='word_1_144' title='bbox 285 1164 552 1191; x_wconf 85' lang='lat' dir='ltr'>committitur</span> <span class='ocrx_word' id='word_1_145' title='bbox 591 1163 669 1191; x_wconf 89' lang='lat' dir='ltr'>stat</span> <span class='ocrx_word' id='word_1_146' title='bbox 709 1168 748 1191; x_wconf 87' lang='lat'>111</span> <span class='ocrx_word' id='word_1_147' title='bbox 787 1164 876 1199; x_wconf 80' lang='lat' dir='ltr'>isto,</span> <span class='ocrx_word' id='word_1_148' title='bbox 921 1157 1029 1203; x_wconf 88' lang='lat' dir='ltr'>quod</span> <span class='ocrx_word' id='word_1_149' title='bbox 1075 1168 1215 1192; x_wconf 88' lang='lat' dir='ltr'>omnes</span> <span class='ocrx_word' id='word_1_150' title='bbox 1260 1158 1372 1192; x_wconf 89' lang='lat' dir='ltr'>dotes</span> <span class='ocrx_word' id='word_1_151' title='bbox 1418 1170 1598 1205; x_wconf 82' lang='lat' dir='ltr'>corporis</span> <span class='ocrx_word' id='word_1_152' title='bbox 1614 1173 1794 1204; x_wconf 65' lang='lat' dir='ltr'>oschrlsrs</span> <span class='ocrx_word' id='word_1_153' title='bbox 1811 1177 1892 1212; x_wconf 73' lang='lat' dir='ltr'>body</span> 
     </span>
    </p>
   </div>
   <div class='ocr_carea' id='block_1_14' title="bbox 283 1211 1889 1273">
    <p class='ocr_par' dir='ltr' id='par_1_14' title="bbox 283 1209 1889 1273">
     <span class='ocr_line' id='line_1_22' title="bbox 283 1211 1889 1273; baseline 0.001 -25"><span class='ocrx_word' id='word_1_154' title='bbox 283 1213 402 1249; x_wconf 90' lang='lat' dir='ltr'>Cristi</span> <span class='ocrx_word' id='word_1_155' title='bbox 445 1226 524 1261; x_wconf 91' lang='lat' dir='ltr'>que</span> <span class='ocrx_word' id='word_1_156' title='bbox 563 1222 655 1249; x_wconf 90' lang='lat' dir='ltr'>sunt</span> <span class='ocrx_word' id='word_1_157' title='bbox 694 1212 734 1248; x_wconf 90' lang='lat' dir='ltr'>in</span> <span class='ocrx_word' id='word_1_158' title='bbox 774 1213 858 1249; x_wconf 93' lang='lat' dir='ltr'>celo</span> <span class='ocrx_word' id='word_1_159' title='bbox 902 1222 938 1249; x_wconf 89' lang='lat' dir='ltr'>et</span> <span class='ocrx_word' id='word_1_160' title='bbox 983 1215 1122 1250; x_wconf 86' lang='lat' dir='ltr'>beatos</span> <span class='ocrx_word' id='word_1_161' title='bbox 1167 1213 1365 1259; x_wconf 77' lang='lat' dir='ltr'>reficiunt,</span> <span class='ocrx_word' id='word_1_162' title='bbox 1412 1224 1503 1252; x_wconf 91' lang='lat' dir='ltr'>sunt</span> <span class='ocrx_word' id='word_1_163' title='bbox 1548 1217 1597 1251; x_wconf 90' lang='lat' dir='ltr'>ad</span> <span class='ocrx_word' id='word_1_164' title='bbox 1620 1209 1889 1273; x_wconf 53' lang='grc' dir='ltr'>πῇρῖέξέξνῖἳηὶῃ</span> 
     </span>
    </p>
   </div>
   <div class='ocr_carea' id='block_1_15' title="bbox 282 1270 1863 1493">
    <p class='ocr_par' dir='ltr' id='par_1_15' title="bbox 282 1270 1863 1437">
     <span class='ocr_line' id='line_1_23' title="bbox 283 1270 1863 1319; baseline 0.001 -13"><span class='ocrx_word' id='word_1_165' title='bbox 283 1283 445 1307; x_wconf 86' lang='lat' dir='ltr'>omnem</span> <span class='ocrx_word' id='word_1_166' title='bbox 486 1280 681 1319; x_wconf 84' lang='lat' dir='ltr'>punctum</span> <span class='ocrx_word' id='word_1_167' title='bbox 722 1270 864 1317; x_wconf 86' lang='lat' dir='ltr'>hostie,</span> <span class='ocrx_word' id='word_1_168' title='bbox 910 1271 1003 1307; x_wconf 91' lang='lat' dir='ltr'>licet</span> <span class='ocrx_word' id='word_1_169' title='bbox 1043 1285 1181 1308; x_wconf 85' lang='lat' dir='ltr'>earum</span> <span class='ocrx_word' id='word_1_170' title='bbox 1223 1272 1407 1309; x_wconf 84' lang='lat' dir='ltr'>acciones</span> <span class='ocrx_word' id='word_1_171' title='bbox 1448 1286 1469 1309; x_wconf 89' lang='lat' dir='ltr'>a</span> <span class='ocrx_word' id='word_1_172' title='bbox 1515 1275 1598 1310; x_wconf 89' lang='lat' dir='ltr'>Deo</span> <span class='ocrx_word' id='word_1_173' title='bbox 1641 1281 1863 1319; x_wconf 49' lang='lat' dir='ltr'>mhuaculously</span> 
     </span>
     <span class='ocr_line' id='line_1_24' title="bbox 285 1320 1823 1377; baseline 0.002 -12"><span class='ocrx_word' id='word_1_174' title='bbox 285 1329 476 1366; x_wconf 90' lang='lat' dir='ltr'>benevolo</span> <span class='ocrx_word' id='word_1_175' title='bbox 510 1329 588 1365; x_wconf 86' lang='lat' dir='ltr'>sint</span> <span class='ocrx_word' id='word_1_176' title='bbox 621 1341 824 1377; x_wconf 88' lang='lat' dir='ltr'>suspense.</span> <span class='ocrx_word' id='word_1_177' title='bbox 865 1329 1058 1375; x_wconf 83' lang='lat' dir='ltr'>Quamvis</span> <span class='ocrx_word' id='word_1_178' title='bbox 1092 1339 1224 1366; x_wconf 88' lang='lat' dir='ltr'>autem</span> <span class='ocrx_word' id='word_1_179' title='bbox 1260 1332 1483 1367; x_wconf 90' lang='lat' dir='ltr'>secundum</span> <span class='ocrx_word' id='word_1_180' title='bbox 1519 1333 1598 1368; x_wconf 89' lang='lat' dir='ltr'>Au-</span> <span class='ocrx_word' id='word_1_181' title='bbox 1678 1320 1823 1343; x_wconf 75' lang='lat' dir='ltr'>macnve.</span> 
     </span>
     <span class='ocr_line' id='line_1_25' title="bbox 282 1385 1598 1437; baseline 0.002 -14"><span class='ocrx_word' id='word_1_182' title='bbox 282 1387 484 1435; x_wconf 78' lang='lat' dir='ltr'>gustinum</span> <span class='ocrx_word' id='word_1_183' title='bbox 518 1385 597 1435; x_wconf 88' lang='lat' dir='ltr'>jam</span> <span class='ocrx_word' id='word_1_184' title='bbox 634 1396 790 1423; x_wconf 87' lang='lat' dir='ltr'>cessant</span> <span class='ocrx_word' id='word_1_185' title='bbox 826 1387 1034 1433; x_wconf 68' lang='lat' dir='ltr'>miracula,</span> <span class='ocrx_word' id='word_1_186' title='bbox 1068 1397 1205 1424; x_wconf 88' lang='lat' dir='ltr'>tamen</span> <span class='ocrx_word' id='word_1_187' title='bbox 1245 1390 1434 1425; x_wconf 88' lang='lat' dir='ltr'>sacerdos</span> <span class='ocrx_word' id='word_1_188' title='bbox 1467 1402 1598 1437; x_wconf 88' lang='lat' dir='ltr'>symo-</span> 
     </span>
    </p>

    <p class='ocr_par' dir='ltr' id='par_1_16' title="bbox 283 1445 1398 1493">
     <span class='ocr_line' id='line_1_26' title="bbox 283 1445 1398 1493; baseline 0.003 -12"><span class='ocrx_word' id='word_1_189' title='bbox 283 1445 434 1491; x_wconf 75' lang='lat' dir='ltr'>niacus,</span> <span class='ocrx_word' id='word_1_190' title='bbox 468 1454 511 1481; x_wconf 91' lang='lat' dir='ltr'>ut</span> <span class='ocrx_word' id='word_1_191' title='bbox 543 1445 744 1493; x_wconf 86' lang='lat' dir='ltr'>inquiunt,</span> <span class='ocrx_word' id='word_1_192' title='bbox 778 1445 940 1482; x_wconf 84' lang='lat' dir='ltr'>cottidie</span> <span class='ocrx_word' id='word_1_193' title='bbox 973 1446 1067 1482; x_wconf 87' lang='lat' dir='ltr'>facit</span> <span class='ocrx_word' id='word_1_194' title='bbox 1100 1446 1195 1482; x_wconf 88' lang='lat' dir='ltr'>talia</span> <span class='ocrx_word' id='word_1_195' title='bbox 1229 1446 1398 1486; x_wconf 85' lang='lat' dir='ltr'>infinita.</span> 
     </span>
    </p>
   </div>
   <div class='ocr_carea' id='block_1_16' title="bbox 343 1503 1840 1553">
    <p class='ocr_par' dir='ltr' id='par_1_17' title="bbox 343 1503 1840 1553">
     <span class='ocr_line' id='line_1_27' title="bbox 343 1503 1840 1553; baseline 0.001 -14"><span class='ocrx_word' id='word_1_196' title='bbox 343 1505 549 1548; x_wconf 87' lang='lat' dir='ltr'>Quantum</span> <span class='ocrx_word' id='word_1_197' title='bbox 588 1504 637 1540; x_wconf 87' lang='lat' dir='ltr'>ad</span> <span class='ocrx_word' id='word_1_198' title='bbox 677 1503 860 1548; x_wconf 75' lang='lat' dir='ltr'>tercium,</span> <span class='ocrx_word' id='word_1_199' title='bbox 902 1512 1011 1551; x_wconf 87' lang='lat' dir='ltr'>patet</span> <span class='ocrx_word' id='word_1_200' title='bbox 1050 1505 1159 1552; x_wconf 91' lang='lat' dir='ltr'>quod</span> <span class='ocrx_word' id='word_1_201' title='bbox 1192 1504 1383 1541; x_wconf 84' lang='lat' dir='ltr'>intricant</span> <span class='ocrx_word' id='word_1_202' title='bbox 1416 1518 1455 1541; x_wconf 91' lang='lat' dir='ltr'>se</span> <span class='ocrx_word' id='word_1_203' title='bbox 1489 1505 1597 1553; x_wconf 89' lang='lat' dir='ltr'>ipsos</span> <span class='ocrx_word' id='word_1_204' title='bbox 1665 1513 1715 1539; x_wconf 78' lang='grc' dir='ltr'>ΙΙΙ.</span> <span class='ocrx_word' id='word_1_205' title='bbox 1740 1511 1840 1540; x_wconf 78' lang='lat' dir='ltr'>Great</span> 
     </span>
    </p>
   </div>
   <div class='ocr_carea' id='block_1_17' title="bbox 285 1548 1852 1611">
    <p class='ocr_par' dir='ltr' id='par_1_18' title="bbox 285 1548 1852 1611">
     <span class='ocr_line' id='line_1_28' title="bbox 285 1548 1852 1611; baseline 0.002 -14"><span class='ocrx_word' id='word_1_206' title='bbox 285 1570 321 1597; x_wconf 84' lang='lat' dir='ltr'>et</span> <span class='ocrx_word' id='word_1_207' title='bbox 345 1561 441 1598; x_wconf 88' lang='lat' dir='ltr'>alios</span> <span class='ocrx_word' id='word_1_208' title='bbox 465 1561 769 1598; x_wconf 87' lang='lat' dir='ltr'>inconveniente</span> <span class='ocrx_word' id='word_1_209' title='bbox 794 1562 1020 1610; x_wconf 86' lang='lat' dir='ltr'>multiplici.</span> <span class='ocrx_word' id='word_1_210' title='bbox 1056 1564 1105 1598; x_wconf 86' lang='lat' dir='ltr'>Se</span> <span class='ocrx_word' id='word_1_211' title='bbox 1129 1562 1248 1610; x_wconf 77' lang='lat' dir='ltr'>ipsos,</span> <span class='ocrx_word' id='word_1_212' title='bbox 1280 1563 1373 1611; x_wconf 91' lang='lat' dir='ltr'>quia</span> <span class='ocrx_word' id='word_1_213' title='bbox 1398 1563 1597 1611; x_wconf 86' lang='lat' dir='ltr'>inponunt</span> <span class='ocrx_word' id='word_1_214' title='bbox 1653 1548 1852 1610; x_wconf 47' lang='grc' dir='ltr'>ζ’,ὸὲῑαιζῇηζξζ</span> 
     </span>
    </p>
   </div>
   <div class='ocr_carea' id='block_1_18' title="bbox 286 1617 1871 1679">
    <p class='ocr_par' dir='ltr' id='par_1_19' title="bbox 286 1617 1871 1679">
     <span class='ocr_line' id='line_1_29' title="bbox 286 1617 1871 1679; baseline 0.002 -24"><span class='ocrx_word' id='word_1_215' title='bbox 286 1619 339 1655; x_wconf 92' lang='lat' dir='ltr'>eis</span> <span class='ocrx_word' id='word_1_216' title='bbox 393 1619 577 1665; x_wconf 75' lang='lat' dir='ltr'>heresim,</span> <span class='ocrx_word' id='word_1_217' title='bbox 622 1619 689 1667; x_wconf 90' lang='lat' dir='ltr'>qui</span> <span class='ocrx_word' id='word_1_218' title='bbox 741 1619 880 1655; x_wconf 90' lang='lat' dir='ltr'>dicunt</span> <span class='ocrx_word' id='word_1_219' title='bbox 924 1620 1183 1656; x_wconf 84' lang='lat' dir='ltr'>eukaristiam</span> <span class='ocrx_word' id='word_1_220' title='bbox 1235 1622 1473 1658; x_wconf 88' lang='lat' dir='ltr'>naturaliter</span> <span class='ocrx_word' id='word_1_221' title='bbox 1514 1635 1597 1658; x_wconf 87' lang='lat' dir='ltr'>esse</span> <span class='ocrx_word' id='word_1_222' title='bbox 1636 1617 1871 1679; x_wconf 46' lang='lat' dir='ltr'>{gfffiilerimbnrteiii</span> 
     </span>
    </p>
   </div>
   <div class='ocr_carea' id='block_1_19' title="bbox 283 1677 1883 1790">
    <p class='ocr_par' dir='ltr' id='par_1_20' title="bbox 283 1677 1883 1790">
     <span class='ocr_line' id='line_1_30' title="bbox 283 1677 1862 1728; baseline 0.001 -15"><span class='ocrx_word' id='word_1_223' title='bbox 283 1689 442 1725; x_wconf 88' lang='lat' dir='ltr'>panem.</span> <span class='ocrx_word' id='word_1_224' title='bbox 467 1677 531 1714; x_wconf 86' lang='lat' dir='ltr'>Sic</span> <span class='ocrx_word' id='word_1_225' title='bbox 555 1677 675 1724; x_wconf 83' lang='lat' dir='ltr'>enim,</span> <span class='ocrx_word' id='word_1_226' title='bbox 699 1686 741 1713; x_wconf 85' lang='lat' dir='ltr'>ut</span> <span class='ocrx_word' id='word_1_227' title='bbox 765 1677 964 1725; x_wconf 82' lang='lat' dir='ltr'>inquiunt,</span> <span class='ocrx_word' id='word_1_228' title='bbox 991 1677 1243 1726; x_wconf 80' lang='lat' dir='ltr'>mitigaretur</span> <span class='ocrx_word' id='word_1_229' title='bbox 1268 1680 1434 1716; x_wconf 90' lang='lat' dir='ltr'>devocio</span> <span class='ocrx_word' id='word_1_230' title='bbox 1459 1680 1597 1728; x_wconf 89' lang='lat' dir='ltr'>populi</span> <span class='ocrx_word' id='word_1_231' title='bbox 1635 1695 1692 1714; x_wconf 75' lang='lat' dir='ltr'>nor</span> <span class='ocrx_word' id='word_1_232' title='bbox 1713 1686 1862 1726; x_wconf 45' lang='grc' dir='ltr'>(ΠΝ-φὼς</span> 
     </span>
     <span class='ocr_line' id='line_1_31' title="bbox 284 1722 1883 1790; baseline -0.001 -19"><span class='ocrx_word' id='word_1_233' title='bbox 284 1737 333 1771; x_wconf 91' lang='lat' dir='ltr'>ad</span> <span class='ocrx_word' id='word_1_234' title='bbox 357 1735 635 1772; x_wconf 84' lang='lat' dir='ltr'>excellenciam</span> <span class='ocrx_word' id='word_1_235' title='bbox 661 1735 915 1772; x_wconf 87' lang='lat' dir='ltr'>sacramenti.</span> <span class='ocrx_word' id='word_1_236' title='bbox 946 1738 993 1772; x_wconf 82' lang='lat' dir='ltr'>Et</span> <span class='ocrx_word' id='word_1_237' title='bbox 1017 1744 1150 1772; x_wconf 89' lang='lat' dir='ltr'>tamen</span> <span class='ocrx_word' id='word_1_238' title='bbox 1174 1736 1333 1784; x_wconf 92' lang='lat' dir='ltr'>ipsimet</span> <span class='ocrx_word' id='word_1_239' title='bbox 1357 1738 1598 1785; x_wconf 87' lang='lat' dir='ltr'>profitentur</span> <span class='ocrx_word' id='word_1_240' title='bbox 1614 1722 1718 1790; x_wconf 38' lang='lat' dir='ltr'>iffi&amp;</span> <span class='ocrx_word' id='word_1_241' title='bbox 1735 1722 1815 1784; x_wconf 52' lang='lat' dir='ltr'>‘ffignf</span> <span class='ocrx_word' id='word_1_242' title='bbox 1831 1724 1883 1784; x_wconf 56' lang='lat' dir='ltr'>{ffi</span> 
     </span>
    </p>
   </div>
   <div class='ocr_carea' id='block_1_20' title="bbox 284 1791 1881 1901">
    <p class='ocr_par' dir='ltr' id='par_1_21' title="bbox 284 1791 1881 1901">
     <span class='ocr_line' id='line_1_32' title="bbox 285 1791 1881 1854; baseline 0.003 -25"><span class='ocrx_word' id='word_1_243' title='bbox 285 1793 538 1830; x_wconf 87' lang='lat' dir='ltr'>concorditer</span> <span class='ocrx_word' id='word_1_244' title='bbox 586 1795 693 1842; x_wconf 86' lang='lat' dir='ltr'>quod</span> <span class='ocrx_word' id='word_1_245' title='bbox 740 1793 837 1829; x_wconf 92' lang='lat' dir='ltr'>illud</span> <span class='ocrx_word' id='word_1_246' title='bbox 883 1803 1180 1830; x_wconf 88' lang='lat' dir='ltr'>sacramentum</span> <span class='ocrx_word' id='word_1_247' title='bbox 1230 1807 1303 1832; x_wconf 88' lang='lat' dir='ltr'>nec</span> <span class='ocrx_word' id='word_1_248' title='bbox 1349 1805 1406 1832; x_wconf 90' lang='lat' dir='ltr'>est</span> <span class='ocrx_word' id='word_1_249' title='bbox 1452 1809 1598 1844; x_wconf 86' lang='lat' dir='ltr'>corpus</span> <span class='ocrx_word' id='word_1_250' title='bbox 1626 1791 1827 1854; x_wconf 44' lang='lat' dir='ltr'>motshtilssbgeffst</span> <span class='ocrx_word' id='word_1_251' title='bbox 1847 1792 1881 1819; x_wconf 79' lang='lat' dir='ltr'>of</span> 
     </span>
     <span class='ocr_line' id='line_1_33' title="bbox 284 1835 1875 1901; baseline 0 -13"><span class='ocrx_word' id='word_1_252' title='bbox 284 1851 416 1896; x_wconf 76' lang='lat' dir='ltr'>Cristi,</span> <span class='ocrx_word' id='word_1_253' title='bbox 441 1864 514 1888; x_wconf 90' lang='lat' dir='ltr'>nec</span> <span class='ocrx_word' id='word_1_254' title='bbox 538 1860 667 1899; x_wconf 88' lang='lat' dir='ltr'>potest</span> <span class='ocrx_word' id='word_1_255' title='bbox 693 1863 775 1888; x_wconf 88' lang='lat' dir='ltr'>esse</span> <span class='ocrx_word' id='word_1_256' title='bbox 792 1865 884 1900; x_wconf 88' lang='lat' dir='ltr'>pars</span> <span class='ocrx_word' id='word_1_257' title='bbox 901 1852 1033 1891; x_wconf 84' lang='lat' dir='ltr'>Cristi,</span> <span class='ocrx_word' id='word_1_258' title='bbox 1058 1866 1148 1889; x_wconf 90' lang='lat' dir='ltr'>cum</span> <span class='ocrx_word' id='word_1_259' title='bbox 1174 1852 1304 1901; x_wconf 86' lang='lat' dir='ltr'>ipsum</span> <span class='ocrx_word' id='word_1_260' title='bbox 1324 1854 1372 1890; x_wconf 88' lang='lat' dir='ltr'>sit</span> <span class='ocrx_word' id='word_1_261' title='bbox 1397 1854 1595 1891; x_wconf 87' lang='lat' dir='ltr'>accidens.</span> <span class='ocrx_word' id='word_1_262' title='bbox 1626 1835 1763 1888; x_wconf 56' lang='lat' dir='ltr'>Christ’}</span> <span class='ocrx_word' id='word_1_263' title='bbox 1783 1861 1875 1898; x_wconf 84' lang='lat' dir='ltr'>body.</span> 
     </span>
    </p>
   </div>
   <div class='ocr_carea' id='block_1_21' title="bbox 283 1909 1601 2365">
    <p class='ocr_par' dir='ltr' id='par_1_22' title="bbox 283 1909 1601 2365">
     <span class='ocr_line' id='line_1_34' title="bbox 285 1909 1599 1958; baseline 0.002 -13"><span class='ocrx_word' id='word_1_264' title='bbox 285 1911 332 1945; x_wconf 82' lang='lat' dir='ltr'>Et</span> <span class='ocrx_word' id='word_1_265' title='bbox 352 1918 508 1946; x_wconf 89' lang='lat' dir='ltr'>constat</span> <span class='ocrx_word' id='word_1_266' title='bbox 524 1909 773 1957; x_wconf 90' lang='lat' dir='ltr'>philosophis</span> <span class='ocrx_word' id='word_1_267' title='bbox 791 1911 898 1958; x_wconf 90' lang='lat' dir='ltr'>quod</span> <span class='ocrx_word' id='word_1_268' title='bbox 922 1910 1107 1946; x_wconf 88' lang='lat' dir='ltr'>accidens</span> <span class='ocrx_word' id='word_1_269' title='bbox 1131 1919 1188 1947; x_wconf 89' lang='lat' dir='ltr'>est</span> <span class='ocrx_word' id='word_1_270' title='bbox 1211 1921 1392 1948; x_wconf 85' lang='lat' dir='ltr'>creatura</span> <span class='ocrx_word' id='word_1_271' title='bbox 1416 1912 1599 1948; x_wconf 88' lang='lat' dir='ltr'>abiectis-</span> 
     </span>
     <span class='ocr_line' id='line_1_35' title="bbox 283 1967 1598 2016; baseline 0.002 -13"><span class='ocrx_word' id='word_1_272' title='bbox 283 1967 384 2003; x_wconf 87' lang='lat' dir='ltr'>sima</span> <span class='ocrx_word' id='word_1_273' title='bbox 417 1968 456 2003; x_wconf 91' lang='lat' dir='ltr'>in</span> <span class='ocrx_word' id='word_1_274' title='bbox 489 1977 652 2004; x_wconf 87' lang='lat' dir='ltr'>natura:</span> <span class='ocrx_word' id='word_1_275' title='bbox 695 1967 750 2003; x_wconf 85' lang='lat' dir='ltr'>sic</span> <span class='ocrx_word' id='word_1_276' title='bbox 790 1969 899 2016; x_wconf 89' lang='lat' dir='ltr'>quod</span> <span class='ocrx_word' id='word_1_277' title='bbox 937 1977 1235 2005; x_wconf 86' lang='lat' dir='ltr'>sacramentum</span> <span class='ocrx_word' id='word_1_278' title='bbox 1278 1970 1414 2006; x_wconf 89' lang='lat' dir='ltr'>altaris</span> <span class='ocrx_word' id='word_1_279' title='bbox 1453 1970 1501 2006; x_wconf 86' lang='lat' dir='ltr'>sit</span> <span class='ocrx_word' id='word_1_280' title='bbox 1541 1970 1598 2006; x_wconf 88' lang='lat' dir='ltr'>in-</span> 
     </span>
     <span class='ocr_line' id='line_1_36' title="bbox 285 2025 1597 2075; baseline 0.002 -14"><span class='ocrx_word' id='word_1_281' title='bbox 285 2025 441 2061; x_wconf 87' lang='lat' dir='ltr'>finitum</span> <span class='ocrx_word' id='word_1_282' title='bbox 476 2025 756 2074; x_wconf 85' lang='lat' dir='ltr'>imperfeccius</span> <span class='ocrx_word' id='word_1_283' title='bbox 796 2025 876 2062; x_wconf 90' lang='lat' dir='ltr'>sive</span> <span class='ocrx_word' id='word_1_284' title='bbox 916 2025 1117 2074; x_wconf 80' lang='lat' dir='ltr'>indignius</span> <span class='ocrx_word' id='word_1_285' title='bbox 1158 2040 1279 2075; x_wconf 87' lang='lat' dir='ltr'>quam</span> <span class='ocrx_word' id='word_1_286' title='bbox 1320 2029 1399 2064; x_wconf 87' lang='lat' dir='ltr'>tela</span> <span class='ocrx_word' id='word_1_287' title='bbox 1439 2041 1597 2074; x_wconf 86' lang='lat' dir='ltr'>aranee,</span> 
     </span>
     <span class='ocr_line' id='line_1_37' title="bbox 286 2083 1598 2134; baseline 0.003 -15"><span class='ocrx_word' id='word_1_288' title='bbox 286 2096 406 2131; x_wconf 88' lang='lat' dir='ltr'>quarn</span> <span class='ocrx_word' id='word_1_289' title='bbox 453 2092 608 2120; x_wconf 87' lang='lat' dir='ltr'>tantum</span> <span class='ocrx_word' id='word_1_290' title='bbox 651 2083 736 2131; x_wconf 79' lang='lat' dir='ltr'>luti,</span> <span class='ocrx_word' id='word_1_291' title='bbox 781 2084 842 2120; x_wconf 88' lang='lat' dir='ltr'>vel</span> <span class='ocrx_word' id='word_1_292' title='bbox 886 2084 1119 2121; x_wconf 86' lang='lat' dir='ltr'>substancia</span> <span class='ocrx_word' id='word_1_293' title='bbox 1164 2085 1299 2133; x_wconf 88' lang='lat' dir='ltr'>aliqua</span> <span class='ocrx_word' id='word_1_294' title='bbox 1343 2086 1598 2134; x_wconf 82' lang='lat' dir='ltr'>assignanda.</span> 
     </span>
     <span class='ocr_line' id='line_1_38' title="bbox 285 2141 1601 2192; baseline 0.002 -15"><span class='ocrx_word' id='word_1_295' title='bbox 285 2143 333 2177; x_wconf 87' lang='lat' dir='ltr'>Et</span> <span class='ocrx_word' id='word_1_296' title='bbox 366 2142 421 2178; x_wconf 92' lang='lat' dir='ltr'>sic</span> <span class='ocrx_word' id='word_1_297' title='bbox 444 2142 510 2178; x_wconf 91' lang='lat' dir='ltr'>ubi</span> <span class='ocrx_word' id='word_1_298' title='bbox 544 2141 610 2178; x_wconf 90' lang='lat' dir='ltr'>alii</span> <span class='ocrx_word' id='word_1_299' title='bbox 645 2142 779 2179; x_wconf 84' lang='lat' dir='ltr'>fideles</span> <span class='ocrx_word' id='word_1_300' title='bbox 814 2142 951 2179; x_wconf 88' lang='lat' dir='ltr'>dicunt</span> <span class='ocrx_word' id='word_1_301' title='bbox 984 2143 1135 2191; x_wconf 89' lang='lat' dir='ltr'>populo</span> <span class='ocrx_word' id='word_1_302' title='bbox 1169 2144 1276 2192; x_wconf 92' lang='lat' dir='ltr'>quod</span> <span class='ocrx_word' id='word_1_303' title='bbox 1309 2143 1528 2180; x_wconf 86' lang='lat' dir='ltr'>eukaristia</span> <span class='ocrx_word' id='word_1_304' title='bbox 1560 2144 1601 2180; x_wconf 88' lang='lat' dir='ltr'>in</span> 
     </span>
     <span class='ocr_line' id='line_1_39' title="bbox 285 2199 1599 2250; baseline 0.002 -15"><span class='ocrx_word' id='word_1_305' title='bbox 285 2208 428 2236; x_wconf 89' lang='lat' dir='ltr'>natura</span> <span class='ocrx_word' id='word_1_306' title='bbox 461 2212 532 2236; x_wconf 90' lang='lat' dir='ltr'>sua</span> <span class='ocrx_word' id='word_1_307' title='bbox 564 2199 613 2236; x_wconf 91' lang='lat' dir='ltr'>sit</span> <span class='ocrx_word' id='word_1_308' title='bbox 645 2200 847 2236; x_wconf 86' lang='lat' dir='ltr'>infinitum</span> <span class='ocrx_word' id='word_1_309' title='bbox 881 2200 1105 2248; x_wconf 88' lang='lat' dir='ltr'>perfeccior</span> <span class='ocrx_word' id='word_1_310' title='bbox 1144 2214 1264 2250; x_wconf 88' lang='lat' dir='ltr'>quam</span> <span class='ocrx_word' id='word_1_311' title='bbox 1309 2201 1383 2238; x_wconf 91' lang='lat' dir='ltr'>ista</span> <span class='ocrx_word' id='word_1_312' title='bbox 1417 2215 1599 2250; x_wconf 83' lang='lat' dir='ltr'>corpora,</span> 
     </span>
     <span class='ocr_line' id='line_1_40' title="bbox 287 2257 1600 2308; baseline 0.002 -15"><span class='ocrx_word' id='word_1_313' title='bbox 287 2266 323 2293; x_wconf 91' lang='lat' dir='ltr'>et</span> <span class='ocrx_word' id='word_1_314' title='bbox 346 2257 647 2294; x_wconf 87' lang='lat' dir='ltr'>accidentaliter</span> <span class='ocrx_word' id='word_1_315' title='bbox 669 2257 872 2294; x_wconf 87' lang='lat' dir='ltr'>infinitum</span> <span class='ocrx_word' id='word_1_316' title='bbox 898 2258 1120 2306; x_wconf 89' lang='lat' dir='ltr'>perfeccior</span> <span class='ocrx_word' id='word_1_317' title='bbox 1144 2272 1265 2308; x_wconf 89' lang='lat' dir='ltr'>quam</span> <span class='ocrx_word' id='word_1_318' title='bbox 1292 2260 1429 2308; x_wconf 90' lang='lat' dir='ltr'>quevis</span> <span class='ocrx_word' id='word_1_319' title='bbox 1461 2260 1600 2305; x_wconf 73' lang='lat' dir='ltr'>bestia,</span> 
     </span>
     <span class='ocr_line' id='line_1_41' title="bbox 291 2315 1601 2365; baseline 0.002 -14"><span class='ocrx_word' id='word_1_320' title='bbox 291 2328 381 2351; x_wconf 93' lang='lat' dir='ltr'>cum</span> <span class='ocrx_word' id='word_1_321' title='bbox 428 2315 476 2352; x_wconf 90' lang='lat' dir='ltr'>sit</span> <span class='ocrx_word' id='word_1_322' title='bbox 522 2317 826 2364; x_wconf 89' lang='lat' dir='ltr'>quodammodo</span> <span class='ocrx_word' id='word_1_323' title='bbox 873 2330 1020 2365; x_wconf 91' lang='lat' dir='ltr'>corpus</span> <span class='ocrx_word' id='word_1_324' title='bbox 1053 2317 1193 2364; x_wconf 88' lang='lat' dir='ltr'>Cristi;</span> <span class='ocrx_word' id='word_1_325' title='bbox 1239 2317 1315 2365; x_wconf 93' lang='lat' dir='ltr'>ipsi</span> <span class='ocrx_word' id='word_1_326' title='bbox 1361 2318 1498 2354; x_wconf 89' lang='lat' dir='ltr'>dicunt</span> <span class='ocrx_word' id='word_1_327' title='bbox 1543 2319 1601 2354; x_wconf 90' lang='lat' dir='ltr'>in-</span> 
     </span>
    </p>
   </div>
   <div class='ocr_carea' id='block_1_22' title="bbox 284 2485 1601 2901">
    <p class='ocr_par' dir='ltr' id='par_1_23' title="bbox 284 2485 1601 2901">
     <span class='ocr_line' id='line_1_42' title="bbox 353 2485 1601 2522; baseline 0.002 -11"><span class='ocrx_word' id='word_1_328' title='bbox 353 2492 377 2511; x_wconf 81' lang='lat'>2.</span> <span class='ocrx_word' id='word_1_329' title='bbox 399 2489 496 2512; x_wconf 84' lang='lat' dir='ltr'>toturn</span> <span class='ocrx_word' id='word_1_330' title='bbox 525 2485 568 2512; x_wconf 88' lang='lat' dir='ltr'>sic</span> <span class='ocrx_word' id='word_1_331' title='bbox 589 2486 626 2519; x_wconf 73' lang='lat'>133</span> <span class='ocrx_word' id='word_1_332' title='bbox 653 2490 750 2513; x_wconf 87' lang='lat' dir='ltr'>totum</span> <span class='ocrx_word' id='word_1_333' title='bbox 778 2487 808 2513; x_wconf 85' lang='lat' dir='ltr'>in</span> <span class='ocrx_word' id='word_1_334' title='bbox 835 2494 937 2521; x_wconf 72' lang='lat' dir='ltr'>marg.</span> <span class='ocrx_word' id='word_1_335' title='bbox 965 2486 1035 2513; x_wconf 83' lang='lat' dir='ltr'>add.</span> <span class='ocrx_word' id='word_1_336' title='bbox 1058 2487 1094 2513; x_wconf 88' lang='lat' dir='ltr'>D.</span> <span class='ocrx_word' id='word_1_337' title='bbox 1180 2485 1204 2514; x_wconf 78' lang='lat'>3.</span> <span class='ocrx_word' id='word_1_338' title='bbox 1227 2495 1298 2522; x_wconf 84' lang='lat' dir='ltr'>pars</span> <span class='ocrx_word' id='word_1_339' title='bbox 1319 2487 1383 2514; x_wconf 88' lang='lat' dir='ltr'>eius</span> <span class='ocrx_word' id='word_1_340' title='bbox 1404 2487 1470 2521; x_wconf 79' lang='lat' dir='ltr'>CE;</span> <span class='ocrx_word' id='word_1_341' title='bbox 1497 2488 1534 2514; x_wconf 78' lang='lat' dir='ltr'>ib.</span> <span class='ocrx_word' id='word_1_342' title='bbox 1557 2496 1601 2515; x_wconf 81' lang='lat' dir='ltr'>re-</span> 
     </span>
     <span class='ocr_line' id='line_1_43' title="bbox 286 2520 1601 2556; baseline 0.002 -10"><span class='ocrx_word' id='word_1_343' title='bbox 286 2524 388 2546; x_wconf 85' lang='lat' dir='ltr'>manet</span> <span class='ocrx_word' id='word_1_344' title='bbox 408 2520 491 2546; x_wconf 75' lang='lat' dir='ltr'>deest</span> <span class='ocrx_word' id='word_1_345' title='bbox 512 2520 542 2546; x_wconf 74' lang='grc' dir='ltr'>Β.</span> <span class='ocrx_word' id='word_1_346' title='bbox 599 2529 628 2553; x_wconf 79' lang='lat'>4.</span> <span class='ocrx_word' id='word_1_347' title='bbox 651 2529 717 2548; x_wconf 83' lang='lat' dir='ltr'>esse</span> <span class='ocrx_word' id='word_1_348' title='bbox 738 2529 827 2548; x_wconf 88' lang='lat' dir='ltr'>suurn</span> <span class='ocrx_word' id='word_1_349' title='bbox 844 2521 934 2549; x_wconf 65' lang='grc' dir='ltr'>(ΖΒΕ.</span> <span class='ocrx_word' id='word_1_350' title='bbox 993 2522 1019 2548; x_wconf 80' lang='lat'>6.</span> <span class='ocrx_word' id='word_1_351' title='bbox 1042 2526 1215 2556; x_wconf 88' lang='lat' dir='ltr'>competere</span> <span class='ocrx_word' id='word_1_352' title='bbox 1236 2521 1322 2549; x_wconf 76' lang='lat' dir='ltr'>deest</span> <span class='ocrx_word' id='word_1_353' title='bbox 1340 2523 1385 2553; x_wconf 84' lang='lat' dir='ltr'>A:</span> <span class='ocrx_word' id='word_1_354' title='bbox 1406 2523 1444 2549; x_wconf 75' lang='lat' dir='ltr'>ih.</span> <span class='ocrx_word' id='word_1_355' title='bbox 1467 2523 1601 2549; x_wconf 78' lang='lat' dir='ltr'>secunda</span> 
     </span>
     <span class='ocr_line' id='line_1_44' title="bbox 285 2554 1599 2592; baseline 0.002 -12"><span class='ocrx_word' id='word_1_356' title='bbox 285 2554 444 2581; x_wconf 80' lang='lat' dir='ltr'>blasfemia</span> <span class='ocrx_word' id='word_1_357' title='bbox 465 2555 494 2580; x_wconf 85' lang='lat' dir='ltr'>in</span> <span class='ocrx_word' id='word_1_358' title='bbox 515 2562 617 2590; x_wconf 70' lang='lat' dir='ltr'>marg.</span> <span class='ocrx_word' id='word_1_359' title='bbox 641 2555 681 2588; x_wconf 84' lang='lat' dir='ltr'>C;</span> <span class='ocrx_word' id='word_1_360' title='bbox 703 2556 740 2582; x_wconf 77' lang='lat' dir='ltr'>ih.</span> <span class='ocrx_word' id='word_1_361' title='bbox 762 2560 867 2583; x_wconf 81' lang='lat' dir='ltr'>contra</span> <span class='ocrx_word' id='word_1_362' title='bbox 886 2564 946 2592; x_wconf 86' lang='lat' dir='ltr'>pro</span> <span class='ocrx_word' id='word_1_363' title='bbox 968 2565 1028 2591; x_wconf 89' lang='lat' dir='ltr'>qua</span> <span class='ocrx_word' id='word_1_364' title='bbox 1049 2555 1083 2583; x_wconf 90' lang='lat' dir='ltr'>C.</span> <span class='ocrx_word' id='word_1_365' title='bbox 1158 2565 1184 2591; x_wconf 91' lang='lat'>7.</span> <span class='ocrx_word' id='word_1_366' title='bbox 1206 2556 1359 2591; x_wconf 85' lang='lat' dir='ltr'>colligitur</span> <span class='ocrx_word' id='word_1_367' title='bbox 1374 2558 1418 2588; x_wconf 83' lang='lat' dir='ltr'>A;</span> <span class='ocrx_word' id='word_1_368' title='bbox 1446 2558 1552 2584; x_wconf 87' lang='lat' dir='ltr'>tolitur</span> <span class='ocrx_word' id='word_1_369' title='bbox 1566 2557 1599 2585; x_wconf 89' lang='lat' dir='ltr'>C.</span> 
     </span>
     <span class='ocr_line' id='line_1_45' title="bbox 285 2588 1600 2627; baseline 0.003 -13"><span class='ocrx_word' id='word_1_370' title='bbox 285 2597 313 2623; x_wconf 80' lang='lat'>9.</span> <span class='ocrx_word' id='word_1_371' title='bbox 336 2588 506 2615; x_wconf 84' lang='lat' dir='ltr'>dimensivc</span> <span class='ocrx_word' id='word_1_372' title='bbox 526 2589 556 2615; x_wconf 79' lang='lat' dir='ltr'>in</span> <span class='ocrx_word' id='word_1_373' title='bbox 578 2597 679 2626; x_wconf 65' lang='lat' dir='ltr'>marg.</span> <span class='ocrx_word' id='word_1_374' title='bbox 701 2590 734 2617; x_wconf 91' lang='lat' dir='ltr'>C.</span> <span class='ocrx_word' id='word_1_375' title='bbox 845 2599 885 2617; x_wconf 86' lang='lat'>10.</span> <span class='ocrx_word' id='word_1_376' title='bbox 909 2596 1035 2627; x_wconf 86' lang='lat' dir='ltr'>puctum</span> <span class='ocrx_word' id='word_1_377' title='bbox 1057 2591 1090 2618; x_wconf 92' lang='lat' dir='ltr'>C.</span> <span class='ocrx_word' id='word_1_378' title='bbox 1201 2600 1242 2625; x_wconf 76' lang='lat'>14.</span> <span class='ocrx_word' id='word_1_379' title='bbox 1270 2591 1363 2618; x_wconf 85' lang='lat' dir='ltr'>tercia</span> <span class='ocrx_word' id='word_1_380' title='bbox 1391 2592 1549 2619; x_wconf 81' lang='lat' dir='ltr'>blasfemia</span> <span class='ocrx_word' id='word_1_381' title='bbox 1570 2593 1600 2619; x_wconf 89' lang='lat' dir='ltr'>in</span> 
     </span>
     <span class='ocr_line' id='line_1_46' title="bbox 284 2623 1600 2662; baseline 0.004 -14"><span class='ocrx_word' id='word_1_382' title='bbox 284 2631 384 2659; x_wconf 68' lang='lat' dir='ltr'>marg.</span> <span class='ocrx_word' id='word_1_383' title='bbox 401 2623 442 2655; x_wconf 68' lang='grc' dir='ltr'>(ῖς</span> <span class='ocrx_word' id='word_1_384' title='bbox 463 2632 535 2650; x_wconf 80' lang='lat' dir='ltr'>cave</span> <span class='ocrx_word' id='word_1_385' title='bbox 551 2624 580 2650; x_wconf 84' lang='lat' dir='ltr'>in</span> <span class='ocrx_word' id='word_1_386' title='bbox 596 2633 695 2660; x_wconf 71' lang='lat' dir='ltr'>marg.</span> <span class='ocrx_word' id='word_1_387' title='bbox 711 2625 747 2651; x_wconf 91' lang='lat' dir='ltr'>D.</span> <span class='ocrx_word' id='word_1_388' title='bbox 817 2625 853 2655; x_wconf 79' lang='lat'>15,</span> <span class='ocrx_word' id='word_1_389' title='bbox 870 2626 910 2653; x_wconf 79' lang='lat'>16.</span> <span class='ocrx_word' id='word_1_390' title='bbox 934 2627 1052 2653; x_wconf 81' lang='lat' dir='ltr'>Omnes</span> <span class='ocrx_word' id='word_1_391' title='bbox 1074 2625 1160 2652; x_wconf 86' lang='lat' dir='ltr'>dotes</span> <span class='ocrx_word' id='word_1_392' title='bbox 1182 2634 1239 2660; x_wconf 86' lang='lat' dir='ltr'>que</span> <span class='ocrx_word' id='word_1_393' title='bbox 1261 2630 1332 2652; x_wconf 86' lang='lat' dir='ltr'>sunt</span> <span class='ocrx_word' id='word_1_394' title='bbox 1352 2626 1381 2653; x_wconf 88' lang='lat' dir='ltr'>in</span> <span class='ocrx_word' id='word_1_395' title='bbox 1403 2627 1467 2653; x_wconf 89' lang='lat' dir='ltr'>cclo</span> <span class='ocrx_word' id='word_1_396' title='bbox 1487 2635 1600 2662; x_wconf 87' lang='lat' dir='ltr'>corpus</span> 
     </span>
     <span class='ocr_line' id='line_1_47' title="bbox 285 2657 1599 2696; baseline 0.003 -12"><span class='ocrx_word' id='word_1_397' title='bbox 285 2657 377 2685; x_wconf 85' lang='lat' dir='ltr'>Cristi</span> <span class='ocrx_word' id='word_1_398' title='bbox 399 2666 459 2684; x_wconf 83' lang='lat' dir='ltr'>non</span> <span class='ocrx_word' id='word_1_399' title='bbox 482 2662 553 2684; x_wconf 86' lang='lat' dir='ltr'>sunt</span> <span class='ocrx_word' id='word_1_400' title='bbox 572 2659 602 2685; x_wconf 89' lang='lat' dir='ltr'>in</span> <span class='ocrx_word' id='word_1_401' title='bbox 624 2664 817 2686; x_wconf 82' lang='lat' dir='ltr'>sacramento</span> <span class='ocrx_word' id='word_1_402' title='bbox 838 2661 868 2687; x_wconf 83' lang='lat' dir='ltr'>in</span> <span class='ocrx_word' id='word_1_403' title='bbox 890 2669 991 2696; x_wconf 67' lang='lat' dir='ltr'>marg.</span> <span class='ocrx_word' id='word_1_404' title='bbox 1008 2660 1044 2687; x_wconf 90' lang='lat' dir='ltr'>D.</span> <span class='ocrx_word' id='word_1_405' title='bbox 1120 2668 1159 2693; x_wconf 74' lang='lat'>17,</span> <span class='ocrx_word' id='word_1_406' title='bbox 1181 2661 1221 2688; x_wconf 66' lang='lat'>18.</span> <span class='ocrx_word' id='word_1_407' title='bbox 1243 2669 1258 2686; x_wconf 87' lang='lat' dir='ltr'>a</span> <span class='ocrx_word' id='word_1_408' title='bbox 1280 2660 1336 2687; x_wconf 86' lang='lat' dir='ltr'>deo</span> <span class='ocrx_word' id='word_1_409' title='bbox 1353 2661 1494 2688; x_wconf 85' lang='lat' dir='ltr'>benivolo</span> <span class='ocrx_word' id='word_1_410' title='bbox 1510 2661 1599 2688; x_wconf 76' lang='lat' dir='ltr'>CDE.</span> 
     </span>
     <span class='ocr_line' id='line_1_48' title="bbox 286 2692 1599 2730; baseline 0.002 -11"><span class='ocrx_word' id='word_1_411' title='bbox 286 2692 324 2719; x_wconf 80' lang='lat'>18.</span> <span class='ocrx_word' id='word_1_412' title='bbox 343 2692 480 2719; x_wconf 84' lang='lat' dir='ltr'>benivole</span> <span class='ocrx_word' id='word_1_413' title='bbox 496 2694 533 2719; x_wconf 88' lang='lat' dir='ltr'>A.</span> <span class='ocrx_word' id='word_1_414' title='bbox 609 2701 649 2727; x_wconf 70' lang='lat'>10.</span> <span class='ocrx_word' id='word_1_415' title='bbox 667 2694 815 2721; x_wconf 76' lang='lat' dir='ltr'>miracula</span> <span class='ocrx_word' id='word_1_416' title='bbox 830 2700 950 2722; x_wconf 82' lang='lat' dir='ltr'>cessant</span> <span class='ocrx_word' id='word_1_417' title='bbox 967 2697 997 2722; x_wconf 76' lang='lat' dir='ltr'>sn</span> <span class='ocrx_word' id='word_1_418' title='bbox 1013 2702 1114 2730; x_wconf 62' lang='lat' dir='ltr'>marg.</span> <span class='ocrx_word' id='word_1_419' title='bbox 1132 2695 1166 2722; x_wconf 90' lang='lat' dir='ltr'>C.</span> <span class='ocrx_word' id='word_1_420' title='bbox 1241 2702 1281 2729; x_wconf 75' lang='lat'>19,</span> <span class='ocrx_word' id='word_1_421' title='bbox 1296 2703 1342 2722; x_wconf 76' lang='lat'>20.</span> <span class='ocrx_word' id='word_1_422' title='bbox 1359 2696 1548 2722; x_wconf 78' lang='lat' dir='ltr'>simoniacus</span> <span class='ocrx_word' id='word_1_423' title='bbox 1564 2696 1599 2723; x_wconf 87' lang='lat' dir='ltr'>D.</span> 
     </span>
     <span class='ocr_line' id='line_1_49' title="bbox 284 2726 1600 2765; baseline 0.003 -12"><span class='ocrx_word' id='word_1_424' title='bbox 284 2734 329 2753; x_wconf 85' lang='lat'>20.</span> <span class='ocrx_word' id='word_1_425' title='bbox 351 2727 500 2760; x_wconf 81' lang='lat' dir='ltr'>quottidie</span> <span class='ocrx_word' id='word_1_426' title='bbox 522 2726 562 2759; x_wconf 68' lang='lat'>(33</span> <span class='ocrx_word' id='word_1_427' title='bbox 590 2728 727 2762; x_wconf 83' lang='lat' dir='ltr'>quotidie</span> <span class='ocrx_word' id='word_1_428' title='bbox 747 2728 780 2755; x_wconf 91' lang='lat' dir='ltr'>E.</span> <span class='ocrx_word' id='word_1_429' title='bbox 865 2737 903 2756; x_wconf 85' lang='lat'>21.</span> <span class='ocrx_word' id='word_1_430' title='bbox 927 2730 1061 2764; x_wconf 84' lang='lat' dir='ltr'>primum</span> <span class='ocrx_word' id='word_1_431' title='bbox 1083 2730 1116 2757; x_wconf 78' lang='lat' dir='ltr'>E.</span> <span class='ocrx_word' id='word_1_432' title='bbox 1201 2728 1244 2756; x_wconf 85' lang='lat'>23.</span> <span class='ocrx_word' id='word_1_433' title='bbox 1266 2730 1337 2764; x_wconf 87' lang='lat' dir='ltr'>quia</span> <span class='ocrx_word' id='word_1_434' title='bbox 1352 2738 1414 2765; x_wconf 77' lang='lat' dir='ltr'>pro</span> <span class='ocrx_word' id='word_1_435' title='bbox 1435 2730 1485 2765; x_wconf 86' lang='lat' dir='ltr'>qui</span> <span class='ocrx_word' id='word_1_436' title='bbox 1507 2731 1600 2757; x_wconf 76' lang='grc' dir='ltr'>ΑΒΕ).</span> 
     </span>
     <span class='ocr_line' id='line_1_50' title="bbox 284 2762 1599 2799; baseline 0.003 -12"><span class='ocrx_word' id='word_1_437' title='bbox 284 2769 330 2795; x_wconf 79' lang='lat'>24.</span> <span class='ocrx_word' id='word_1_438' title='bbox 359 2766 389 2788; x_wconf 89' lang='lat' dir='ltr'>ut</span> <span class='ocrx_word' id='word_1_439' title='bbox 415 2762 445 2788; x_wconf 81' lang='lat' dir='ltr'>in</span> <span class='ocrx_word' id='word_1_440' title='bbox 467 2770 567 2797; x_wconf 69' lang='lat' dir='ltr'>marg.</span> <span class='ocrx_word' id='word_1_441' title='bbox 589 2762 662 2789; x_wconf 74' lang='lat' dir='ltr'>add.</span> <span class='ocrx_word' id='word_1_442' title='bbox 684 2763 726 2795; x_wconf 80' lang='lat'>1);</span> <span class='ocrx_word' id='word_1_443' title='bbox 747 2763 784 2789; x_wconf 75' lang='lat' dir='ltr'>ib.</span> <span class='ocrx_word' id='word_1_444' title='bbox 808 2765 923 2798; x_wconf 80' lang='lat' dir='ltr'>populo</span> <span class='ocrx_word' id='word_1_445' title='bbox 945 2764 979 2792; x_wconf 89' lang='lat' dir='ltr'>C.</span> <span class='ocrx_word' id='word_1_446' title='bbox 1059 2764 1100 2791; x_wconf 82' lang='lat'>25.</span> <span class='ocrx_word' id='word_1_447' title='bbox 1122 2764 1128 2791; x_wconf 91' lang='lat' dir='ltr'>i</span> <span class='ocrx_word' id='word_1_448' title='bbox 1157 2769 1291 2791; x_wconf 74' lang='lat' dir='ltr'>summer</span> <span class='ocrx_word' id='word_1_449' title='bbox 1311 2764 1351 2798; x_wconf 89' lang='lat' dir='ltr'>C;</span> <span class='ocrx_word' id='word_1_450' title='bbox 1373 2764 1497 2799; x_wconf 87' lang='lat' dir='ltr'>ipsimet</span> <span class='ocrx_word' id='word_1_451' title='bbox 1518 2773 1599 2792; x_wconf 87' lang='lat' dir='ltr'>corr.</span> 
     </span>
     <span class='ocr_line' id='line_1_51' title="bbox 285 2795 1600 2834; baseline 0.003 -12"><span class='ocrx_word' id='word_1_452' title='bbox 285 2804 323 2823; x_wconf 83' lang='lat' dir='ltr'>ex</span> <span class='ocrx_word' id='word_1_453' title='bbox 343 2795 511 2830; x_wconf 79' lang='lat' dir='ltr'>ipsummet</span> <span class='ocrx_word' id='word_1_454' title='bbox 531 2797 570 2824; x_wconf 83' lang='lat' dir='ltr'>E:</span> <span class='ocrx_word' id='word_1_455' title='bbox 597 2798 635 2823; x_wconf 67' lang='lat' dir='ltr'>ih.</span> <span class='ocrx_word' id='word_1_456' title='bbox 657 2798 856 2831; x_wconf 71' lang='lat' dir='ltr'>profiteantur</span> <span class='ocrx_word' id='word_1_457' title='bbox 877 2799 908 2825; x_wconf 70' lang='lat' dir='ltr'>H.</span> <span class='ocrx_word' id='word_1_458' title='bbox 970 2798 1015 2825; x_wconf 80' lang='lat'>30.</span> <span class='ocrx_word' id='word_1_459' title='bbox 1036 2798 1125 2834; x_wconf 81' lang='lat' dir='ltr'>inper</span> <span class='ocrx_word' id='word_1_460' title='bbox 1151 2799 1251 2825; x_wconf 88' lang='lat' dir='ltr'>eccius</span> <span class='ocrx_word' id='word_1_461' title='bbox 1272 2799 1307 2826; x_wconf 86' lang='lat' dir='ltr'>C.</span> <span class='ocrx_word' id='word_1_462' title='bbox 1363 2798 1401 2826; x_wconf 76' lang='lat'>31.</span> <span class='ocrx_word' id='word_1_463' title='bbox 1425 2800 1600 2826; x_wconf 79' lang='lat' dir='ltr'>substancia</span> 
     </span>
     <span class='ocr_line' id='line_1_52' title="bbox 284 2830 1599 2867; baseline 0.003 -11"><span class='ocrx_word' id='word_1_464' title='bbox 284 2832 367 2857; x_wconf 67' lang='lat' dir='ltr'>deest</span> <span class='ocrx_word' id='word_1_465' title='bbox 387 2832 424 2857; x_wconf 92' lang='lat' dir='ltr'>A.</span> <span class='ocrx_word' id='word_1_466' title='bbox 497 2830 541 2866; x_wconf 77' lang='lat'>32,</span> <span class='ocrx_word' id='word_1_467' title='bbox 562 2830 603 2858; x_wconf 79' lang='lat'>33.</span> <span class='ocrx_word' id='word_1_468' title='bbox 632 2831 804 2859; x_wconf 79' lang='lat' dir='ltr'>Eukaristia</span> <span class='ocrx_word' id='word_1_469' title='bbox 832 2833 994 2867; x_wconf 79' lang='lat' dir='ltr'>perfectior</span> <span class='ocrx_word' id='word_1_470' title='bbox 1020 2834 1049 2860; x_wconf 87' lang='lat' dir='ltr'>in</span> <span class='ocrx_word' id='word_1_471' title='bbox 1072 2839 1180 2860; x_wconf 78' lang='lat' dir='ltr'>natura</span> <span class='ocrx_word' id='word_1_472' title='bbox 1206 2838 1234 2860; x_wconf 84' lang='lat' dir='ltr'>et</span> <span class='ocrx_word' id='word_1_473' title='bbox 1258 2833 1287 2860; x_wconf 87' lang='lat' dir='ltr'>in</span> <span class='ocrx_word' id='word_1_474' title='bbox 1310 2834 1548 2861; x_wconf 80' lang='lat' dir='ltr'>accidentalibus</span> <span class='ocrx_word' id='word_1_475' title='bbox 1569 2835 1599 2862; x_wconf 82' lang='lat' dir='ltr'>in</span> 
     </span>
     <span class='ocr_line' id='line_1_53' title="bbox 286 2865 1016 2901; baseline 0.005 -10"><span class='ocrx_word' id='word_1_476' title='bbox 286 2873 387 2901; x_wconf 69' lang='lat' dir='ltr'>marg.</span> <span class='ocrx_word' id='word_1_477' title='bbox 410 2865 467 2900; x_wconf 78' lang='lat' dir='ltr'>ins.</span> <span class='ocrx_word' id='word_1_478' title='bbox 491 2865 530 2900; x_wconf 82' lang='lat' dir='ltr'>C;</span> <span class='ocrx_word' id='word_1_479' title='bbox 553 2867 589 2893; x_wconf 74' lang='lat' dir='ltr'>ib.</span> <span class='ocrx_word' id='word_1_480' title='bbox 612 2866 649 2893; x_wconf 83' lang='lat' dir='ltr'>sit</span> <span class='ocrx_word' id='word_1_481' title='bbox 670 2866 699 2894; x_wconf 88' lang='lat' dir='ltr'>in</span> <span class='ocrx_word' id='word_1_482' title='bbox 722 2871 829 2894; x_wconf 83' lang='lat' dir='ltr'>natura</span> <span class='ocrx_word' id='word_1_483' title='bbox 852 2876 905 2895; x_wconf 88' lang='lat' dir='ltr'>sua</span> <span class='ocrx_word' id='word_1_484' title='bbox 926 2868 1016 2895; x_wconf 87' lang='lat' dir='ltr'>CDE.</span> 
     </span>
    </p>
   </div>
  </div>
 </body>
</html>
