2067 3298
155 222 205 256 90
878 217 1101 248 JOHANNIS
1129 217 1314 248 WYCLIF
1593 215 1682 242 CAP.
1703 215 1755 242 vi.

441 333 477 360 et
510 324 639 371 ipsum
674 336 755 359 non
789 335 872 360 esse
905 322 1234 360 substancialiter
1268 322 1431 368 ibidem,
1466 323 1542 359 nisi
1566 324 1682 368 forte,
1717 332 1759 359 ut

440 382 604 430 quidam
659 382 845 417 doctores
896 382 1083 418 locuntur
1139 380 1417 429 equivocando
1469 380 1510 416 in
1556 381 1758 427 adverbio,

438 440 621 476 vocando
643 439 954 475 substancialiter
969 440 1119 475 “modo
1142 438 1412 475 substancie'’.
1438 439 1530 485 Sed,
1554 447 1597 475 ut
1620 438 1758 475 distin-

441 498 582 546 gwitur
622 506 763 533 contra
802 497 1108 541 accidentaliter,
1155 505 1309 532 certum
1355 505 1412 532 est
1457 498 1565 545 quod
1613 509 1759 544 corpus

442 555 562 592 Cristi
594 567 677 591 non
711 564 768 591 est
791 555 1116 592 substancialiter
1140 554 1181 591 in
1209 554 1291 600 illo,
1316 554 1410 602 quia
1433 567 1516 591 non
1539 556 1758 590 secundum

172 619 261 646 leczt
280 619 302 646 it
321 619 356 653 is,
378 619 403 646 is
442 626 496 657 se,
530 622 572 648 ut
606 612 703 649 dicit
725 614 858 649 Jeron.
893 614 985 649 Ideo
1019 614 1135 660 longe
1166 612 1307 648 melius
1342 621 1443 648 esset
1477 611 1552 648 hiis
1586 612 1759 660 satrapis

178 655 392 716 agitalrtzcggudt
443 670 621 708 adiscere
645 670 740 719 quid
764 679 821 707 est
847 672 924 707 hoc
953 679 1268 716 sacramentum,
1299 679 1516 718 antequam
1542 679 1761 706 tracterent

178 724 393 785 ‘foligffesqleasny
443 729 650 777 quomodo
684 741 830 776 corpus
855 729 1004 765 Christi
1038 737 1095 765 est
1118 728 1158 764 in
1190 728 1272 764 illo.
1307 727 1424 764 Circa
1453 727 1629 776 primurn
1654 728 1758 764 enim

149 794 289 826 abouncl;
311 794 380 820 lzow
400 792 422 819 it
444 787 629 835 pululant
653 787 829 833 hereses;
859 795 910 831 et,
934 786 1171 831 secundum,
1201 787 1335 834 quoad
1359 785 1478 821 fidem
1505 785 1760 833 explicatum,

200 828 238 864 is,
259 828 285 855 is
306 832 369 854 not.
545 844 552 849 -
681 844 687 849 .
920 844 927 850 .
1027 844 1033 849 .
1080 844 1086 849 .
1422 843 1428 848 .
1542 843 1548 849 .
1679 843 1685 848 .

177 874 265 909 They
286 873 325 900 do
347 878 399 900 not
444 853 501 881 est
544 853 792 892 mpertlnens
837 844 930 880 fidel
980 853 1181 880 cristiane.
1239 845 1353 881 Unde
1404 844 1497 880 licet
1541 856 1581 879 in
1626 856 1759 891 primo

168 909 259 935 know
280 916 315 935 οι·
335 909 405 944 they
446 903 571 951 (quod
602 911 659 938 est
682 902 789 945 fidei)
822 903 1006 950 pululent
1028 911 1088 938 tot
1112 903 1282 947 hereses,
1317 910 1454 937 tamen
1477 900 1573 937 dicti
1602 910 1762 949 satrape

159 943 232 970 dare
253 948 305 970 not
325 944 420 978 speak
445 961 451 966 -
529 960 535 966 -
1065 960 1071 965 .
1329 959 1335 965 .
1649 959 1660 966 5

151 974 482 1014 oftl1e0ne3they11'1
527 961 595 996 lllo
642 969 869 997 mutescant
912 962 1150 1006 vecorditer,
1205 972 1278 996 nec
1327 968 1594 1007 luxtaponunt
1639 960 1760 995 tidem

150 1013 319 1074 Εᾶξρῗξῧξὲ
336 1013 554 1075 ᾖξ’ὶῗξῖεῖιᾶη]
591 1030 682 1054 cum
717 1018 795 1054 fide
828 1017 954 1066 ipsius
988 1017 1210 1063 contraria,
1251 1018 1312 1054 vel
1345 1017 1433 1053 ideo
1469 1016 1633 1053 indubie
1667 1016 1762 1065 quia

254 1083 321 1110 lies.
441 1076 625 1113 nesciunt
662 1077 724 1113 vel
761 1089 844 1113 non
882 1077 1045 1113 audent.
1092 1075 1359 1124 Peripsimata
1399 1084 1533 1112 autem
1574 1074 1666 1111 fidei
1701 1087 1762 1111 ex-

148 1128 425 1190 Bufvgfflessssssged
442 1134 572 1183 posite
601 1147 683 1170 non
707 1136 856 1170 audent
880 1136 1085 1182 arguendo
1109 1135 1178 1171 sed
1203 1133 1592 1170 excommunicando
1626 1146 1761 1169 corro-

181 1206 392 1234 appearances
444 1194 557 1239 dere;
611 1201 648 1228 et
700 1201 849 1238 tamen,
905 1205 995 1229 curn
1046 1201 1132 1229 tota
1184 1191 1260 1228 ista
1310 1191 1472 1227 vecordi
1523 1190 1761 1239 ignorancia

157 1233 415 1304 affiopglgiclffilge
443 1250 637 1287 cervicem
662 1249 819 1297 erigunt
853 1263 943 1286 cum
978 1250 1168 1295 clamore,
1205 1262 1295 1286 curn
1331 1248 1567 1295 mendaciis,
1603 1258 1640 1285 et
1673 1248 1760 1285 aliis

209 1311 260 1330 are
280 1307 372 1330 mute.
442 1308 687 1344 diverticulis
720 1307 931 1355 anticristi,
972 1321 1018 1345 ac
1051 1308 1082 1344 si
1117 1308 1378 1344 defenderent
1416 1320 1555 1343 sanam
1589 1315 1760 1355 partem.

442 1367 520 1403 Sed
561 1367 724 1415 quando
764 1365 946 1415 queritur
985 1375 1121 1402 utrum
1159 1365 1225 1402 ille
1265 1364 1380 1413 panis
1421 1374 1679 1402 consecratus
1711 1364 1762 1400 sit

443 1437 589 1473 corpus
623 1424 742 1461 Cristi
779 1436 918 1471 necne,
959 1437 1049 1460 cum
1090 1423 1205 1460 multi
1244 1423 1382 1459 fideles
1424 1424 1596 1460 adorant
1628 1423 1759 1471 ipsum

442 1491 486 1518 ut
531 1495 675 1530 corpus
715 1482 848 1528 Cristi,
895 1491 933 1519 et
965 1482 1034 1519 illa
1073 1482 1170 1518 fides
1210 1494 1254 1518 ex
1292 1480 1526 1518 testimonio
1564 1480 1762 1529 scripture

444 1549 482 1577 et
526 1539 780 1589 exposicione
831 1549 1064 1577 sanctorum
1120 1539 1381 1588 dispergitur:
1435 1539 1585 1575 ibidem
1630 1540 1763 1575 stabat

150 1604 207 1631 Yet
226 1604 248 1631 it
267 1604 292 1631 is
313 1604 425 1640 clearly
445 1599 631 1644 Johanes,
687 1607 724 1634 et
774 1599 998 1635 verecunde
1050 1598 1265 1634 obmutuit.
1319 1597 1568 1645 Augustinus
1626 1605 1761 1633 autem

152 1639 431 1702 bsrtssfltgdistffitritslzes
445 1669 564 1704 super
585 1657 673 1694 Joh.
698 1657 817 1693 omel.
844 1658 895 1693 26
929 1668 1019 1693 vere
1054 1655 1150 1692 dicit
1183 1656 1292 1704 quod
1324 1655 1424 1691 illud
1457 1663 1759 1692 sacramentum

153 1709 430 1779 ξῖῥῖὶίἷθῑῃῦὲξέῗίξῖ
447 1723 504 1751 θεῖ
543 1714 653 1751 cibus
693 1714 928 1763 corporalis,
968 1713 1095 1751 eciam
1135 1715 1244 1762 quod
1284 1713 1437 1750 Cristus
1477 1712 1574 1749 dixit
1614 1725 1760 1761 panem

180 1778 239 1805 and
260 1779 404 1814 Epistles.
447 1785 530 1809 esse
570 1785 715 1820 corpus
753 1785 886 1809 suum.
925 1775 1027 1809 Nam
1060 1773 1147 1809 Joh.
1183 1774 1204 1809 6
1240 1771 1337 1808 dicit
1374 1771 1458 1819 ipse
1499 1771 1567 1820 qui
1600 1770 1761 1807 mentiri

445 1843 527 1867 non
572 1839 725 1878 potest:
772 1831 891 1867 Panis
929 1843 1037 1879 quem
1077 1842 1150 1880 ego
1191 1830 1288 1866 daho
1329 1842 1422 1866 caro
1462 1841 1545 1865 mea
1590 1836 1646 1865 est
1686 1841 1761 1878 pro

445 1889 580 1924 mundi
617 1889 706 1924 vita.
752 1889 911 1936 Panem,
956 1888 1134 1937 inquam,
1169 1888 1304 1938 fregit
1347 1895 1382 1923 et
1414 1887 1517 1923 dedit
1563 1887 1761 1936 discipulis

443 1946 536 1992 suis,
590 1959 709 1995 quem
761 1946 931 1983 asseruit
976 1959 1059 1983 esse
1109 1959 1254 1994 corpus
1299 1958 1431 1991 suum,
1477 1954 1520 1981 ut
1564 1954 1676 1993 patet
1719 1944 1760 1980 in

444 2004 659 2052 ewangelio
691 2005 815 2041 Math.
846 2006 897 2042 26
932 2013 969 2040 et
1001 2006 1125 2042 Marc.
1154 2017 1214 2050 14,
1250 2005 1355 2040 Luce
1386 2013 1436 2039 22
1471 2012 1509 2040 et
1541 2004 1687 2039 Paulus
1718 2006 1756 2038 1²¹

444 2075 525 2099 cor.
556 2075 615 2099 10.
654 2064 703 2099 Et
734 2071 872 2099 tamen
909 2062 1061 2099 falsarii
1100 2062 1299 2110 scripture
1339 2074 1452 2098 sacre
1484 2061 1602 2097 istam
1637 2060 1757 2097 fidem

512 2204 537 2224 2.
559 2196 707 2236 equivoco
727 2197 759 2235 B.
820 2204 847 2230 7.
869 2196 1029 2235 addiscere
1049 2196 1088 2230 C;
1110 2196 1148 2223 ib.
1171 2196 1209 2224 sit
1229 2196 1270 2234 C.⁴
1301 2230 1306 2235 .
1327 2195 1354 2223 8,
1376 2195 1501 2231 quidem
1522 2195 1554 2222 B.
1588 2230 1593 2234 .
1611 2203 1644 2233 9.¹
1662 2195 1760 2230 pullu-

443 2232 505 2259 lent
525 2231 567 2264 C;
593 2232 634 2258 τὸ.
656 2232 807 2267 explicata
827 2232 865 2265 B;
893 2232 1069 2266 explicitam
1090 2230 1125 2259 C.
1204 2230 1244 2258 13.
1264 2239 1336 2265 lpus
1358 2230 1391 2258 C.
1466 2238 1508 2264 14.
1530 2237 1700 2265 peripsima
1720 2229 1759 2263 B3

439 2288 572 2324 pipsuna
591 2279 614 2314 ’ἶ
629 2289 664 2317 C.
762 2297 803 2322 14,
825 2288 862 2316 15.
883 2289 1027 2324 exponite
1046 2289 1085 2316 A.
1121 2323 1125 2327 ,
1167 2289 1223 2327 116.
1245 2275 1381 2328 ἰςῃοπειῗῖ
1396 2288 1430 2316 C.
1460 2322 1465 2327 ⁸
1532 2289 1570 2316 18.
1593 2296 1680 2315 suam
1699 2296 1759 2323 pro

443 2332 550 2351 sanam
570 2324 609 2350 A.
682 2331 728 2350 20.
750 2328 801 2351 aut
820 2332 857 2351 ne
877 2324 915 2351 A.
989 2322 1032 2351 23.
1054 2324 1188 2351 obnitint
1208 2324 1246 2357 B;
1273 2323 1313 2350 τὸ.
1334 2325 1528 2357 Αυρῖιεῖιηιιε
1550 2331 1581 2349 m
1601 2331 1704 2358 marg.
1727 2323 1758 2350 Β.

443 2359 486 2386 25.
508 2363 535 2386 et
550 2366 613 2394 pro
634 2358 730 2385 eciam
752 2359 786 2386 C.
843 2359 889 2385 26.
912 2367 979 2385 esse
995 2359 1078 2386 deest
1098 2359 1135 2385 A.
1193 2365 1239 2393 29.
1262 2366 1329 2385 esse
1348 2357 1434 2385 deest
1453 2359 1492 2385 A.
1548 2357 1594 2385 30.
1616 2358 1702 2385 Pauli
1724 2358 1757 2386 C.

443 2392 481 2420 31.
509 2394 546 2420 Et
573 2397 595 2420 θ’
616 2395 660 2425 Α;
688 2393 726 2420 Et
745 2393 828 2420 deest
848 2393 885 2425 ss;
915 2393 954 2419 ib.
977 2401 1046 2420 cum
1062 2401 1125 2428 pro
1146 2398 1248 2420 tamen
1274 2394 1319 2427 A;
1348 2393 1387 2420 ib.
1417 2397 1444 2420 ct
1465 2398 1567 2420 tamen
1587 2392 1697 2420 falsam
1718 2392 1758 2427 C;

444 2428 484 2455 ib.
505 2428 622 2455 falsarii
641 2443 675 2447 —-
695 2428 786 2455 fidem
807 2428 891 2455 dees!
911 2428 942 2455 B.

515 2512 544 2543 3.
571 2510 658 2542 This
684 2511 712 2542 is
739 2521 782 2542 an
808 2511 957 2542 allusion
982 2518 1018 2542 to
1045 2512 1092 2542 St.
1111 2510 1280 2550 Thomas,
1306 2510 1388 2542 who
1408 2510 1568 2553 employs
1586 2510 1659 2541 that
1676 2520 1759 2553 very

444 2558 645 2599 expression
679 2557 713 2588 in
744 2557 798 2588 his
827 2557 976 2589 Summa
1006 2557 1230 2600 Theologica.
1263 2556 1374 2589 Other
1406 2558 1546 2588 doctors
1579 2567 1659 2599 may
1685 2557 1758 2588 also

443 2603 533 2634 have
558 2604 644 2635 used
670 2603 729 2635 the
755 2614 851 2635 same
876 2611 975 2635 term.
1103 2604 1156 2637 23.
1182 2603 1259 2635 The
1285 2614 1382 2635 same
1408 2603 1608 2645 expression
1636 2613 1759 2634 occurs

445 2651 480 2681 in
499 2650 553 2682 De
570 2651 776 2692 Apostasia,
803 2660 836 2691 p.
857 2649 909 2690 58,
935 2650 957 2682 l.
975 2660 1013 2691 4;
1042 2650 1116 2681 also
1144 2650 1178 2680 in
1204 2660 1222 2681 a
1249 2650 1390 2681 Lollard
1417 2660 1534 2692 poem,
1562 2650 1698 2690 printed
1725 2650 1759 2680 in

445 2697 679 2728 AIonumenta
710 2696 965 2735 Franciscana,
998 2696 1065 2730 Ed.
1093 2696 1249 2734 Brewer,
1283 2707 1317 2738 p.
1346 2695 1422 2739 598.
1461 2696 1488 2727 It
1518 2696 1639 2727 would
1672 2706 1759 2726 even

446 2752 541 2773 seem
567 2749 603 2773 to
630 2742 672 2774 be
699 2753 717 2773 a
744 2743 928 2784 quotation
954 2743 1044 2774 from
1070 2742 1127 2773 the
1153 2753 1268 2784 poem,
1296 2742 1451 2784 alluding
1476 2749 1512 2773 to
1530 2742 1588 2773 the
1608 2742 1758 2773 discom-

447 2788 544 2819 flture
571 2788 611 2819 of
639 2799 657 2819 a
692 2790 818 2819 certain
844 2789 1025 2821 Johannes
1057 2789 1200 2820 Wellis:
1233 2788 1352 2820 Wellis
1378 2787 1590 2829 replicabat;
1616 2806 1658 2811 —
1687 2788 1759 2820 Sed

442 2838 634 2876 postquam
662 2835 766 2867 Nicol
791 2836 956 2874 solverat,
984 2840 1067 2867 tunc
1092 2836 1273 2867 Johannes
1299 2835 1427 2867 stabat.

1781 858 1819 878 lo

1781 1137 1817 1169 15

1778 1437 1819 1458 20

1778 1717 1817 1749 25

1791 1879 1847 1919 Vl,
1867 1857 1908 1911 '52

1776 2008 1818 2039 30
