2067 3298
243 904 281 924 IO

244 1183 279 1216 15

239 1484 280 1505 20

298 260 387 288 CAP.
408 260 487 288 vni.
761 264 820 294 DE
847 264 1154 295 BLASPHEMIA.
1826 267 1900 304 127

299 370 354 406 sic
388 369 569 406 confiteri
603 370 725 406 semel
765 369 803 405 in
844 382 962 415 anno,
1005 382 1050 405 eo
1090 369 1177 417 ipso
1222 369 1354 405 taliter
1400 370 1609 417 puniatur3
1692 376 1758 403 itis
1781 383 1833 404 not

297 437 381 464 tum
432 428 525 476 quia
577 440 619 463 ex
670 429 754 475 lege
805 428 866 463 dei
912 440 992 463 non
1039 427 1089 463 sit
1137 427 1355 473 fundabsse,
1402 440 1475 463 nec
1515 412 1902 481 detisffiss‘ssJ'aeJer‘l-itfflnd

298 485 467 534 requirit
498 486 619 522 talem
655 485 952 532 cobet-cionem,
991 494 1033 521 ut
1065 485 1202 522 insons
1235 485 1352 531 (sicut
1385 485 1459 521 fuit
1493 487 1610 522 beata
1633 479 1895 548 igciiiiir‘goiiiatnssb

297 543 422 592 virgo)
467 544 527 579 vel
574 543 675 579 alius
719 556 789 591 per
834 556 981 579 annum
1024 556 1166 580 cavens
1211 556 1232 579 a
1272 543 1439 580 crimine
1478 544 1771 580 taliterinnoccnt
1791 560 1903 586 person

299 601 348 638 sit
381 602 596 637 confessus.
630 603 790 648 Ymmo,
824 601 925 637 sicut
947 602 1184 638 obediencia
1216 602 1321 637 facta
1355 603 1429 637 deo
1464 602 1611 638 sufficit
1626 584 1892 647 Sig'ss'ggjgfsffleffi'

299 661 347 695 ad
389 660 557 695 salutem
605 659 688 695 sine
727 659 964 696 obediencia
1005 660 1237 696 humanitus
1282 658 1509 705 adinventa,
1555 660 1611 695 sic
1635 653 1891 717 ostgffligrssgffcffgia

298 717 455 753 videtur
494 719 542 754 de
574 717 822 753 confessione
864 719 957 753 dum
993 726 1101 754 caret
1134 718 1265 754 fructu
1306 718 1501 753 fundabili
1541 731 1609 754 ne-
1644 723 1758 751 human
1781 725 1837 751 law
1859 726 1885 752 is

298 775 470 812 cessario
489 777 539 812 ad
554 776 737 821 salutem,
754 775 838 811 sine
857 776 1093 812 obediencia
1117 775 1349 811 humanitus
1373 776 1608 821 adinventa3
1657 759 1864 792 sup⁰¹⁴¹u⁰¹¹⁵‘

296 835 455 879 Ymrno,
501 846 571 881 per
610 833 715 869 idem
756 843 890 881 posset
934 833 1054 870 statui
1100 835 1209 882 quod
1250 833 1444 869 confitens
1483 835 1610 870 solvat
1666 841 1737 868 And
1758 843 1861 870 astho

297 891 505 928 annuatim
540 891 759 928 confessori
799 904 869 928 suo
908 892 1119 939 pecuniam
1161 900 1230 928 aut
1268 891 1342 927 sibi
1381 892 1610 940 equivalens
1643 876 1747 937 ἧξρξξ
1767 878 1803 939 {³0f
1818 879 1885 948 {ige

297 950 384 997 plus
408 950 467 986 vel
502 950 646 986 minus.
681 949 746 986 Sic
777 949 882 985 enim
916 962 997 985 non
1033 950 1162 985 minus
1195 950 1353 985 laborat
1388 950 1611 987 meridiana
1627 946 1904 1016 clssiggrtsjttomtjliiu

296 1007 497 1044 seduccio.
530 1010 573 1044 In
606 1007 719 1044 cuius
743 1007 989 1044 evidenciam
1024 1009 1119 1044 tolle
1152 1008 1321 1053 lucrum,
1357 1008 1608 1045 oblacionem
1679 1000 1712 1041 a}
1733 1003 1799 1044 'well
1822 993 1866 1044 [πέ

297 1065 560 1111 decimarum,
602 1074 639 1102 et
678 1074 863 1114 questum
904 1065 971 1114 qui
1011 1078 1054 1102 ex
1087 1066 1337 1102 confessione
1375 1066 1610 1114 insurgeret,
1633 1051 1903 1114 enpffgecfiaittlliffsslall

297 1133 333 1159 et
358 1124 554 1160 Confessio
568 1137 649 1160 non
666 1133 841 1160 curatur.
866 1125 959 1160 Ideo
974 1124 1132 1159 videtur
1147 1126 1255 1172 quod
1275 1132 1388 1170 pater
1413 1124 1612 1161 mendacii
1646 1119 1892 1192 ssfifflldapssa?

297 1181 500 1218 adinvenit
546 1183 618 1218 hos
664 1183 805 1218 modos
850 1183 1087 1230 nephandos
1132 1183 1183 1218 ad
1228 1182 1503 1218 sacerdocium
1554 1183 1613 1219 in·
1877 1178 1882 1184 ’

295 1239 543 1287 viscandurn,
590 1253 680 1276 cum
724 1240 903 1289 undique
948 1239 1090 1276 melius
1129 1240 1411 1277 exhortacione
1451 1241 1613 1289 publica

296 1298 483 1334 subiectis
516 1298 769 1346 proficerent.

354 1357 468 1392 Unde
500 1356 648 1404 glosari
683 1365 817 1404 posset
850 1357 909 1392 lex
943 1355 1145 1404 predicta:
1180 1357 1287 1404 quod
1321 1356 1452 1392 omnis
1487 1357 1608 1393 horno
1632 1362 1699 1390 The
1719 1364 1777 1391 law
1798 1365 1897 1404 might

296 1414 412 1450 debet
445 1414 628 1451 confiteri
662 1416 735 1451 deo
770 1414 958 1450 continue
992 1413 1074 1462 (qui
1108 1422 1165 1450 est
1197 1416 1385 1450 sacerdos
1423 1415 1610 1463 proprius
1642 1399 1881 1463 ῑίᾗξῗὲῗῗᾌοξη

297 1471 536 1520 cuicunque)
557 1481 593 1509 et
610 1474 657 1509 de
674 1481 825 1521 quanto
842 1472 1037 1508 confessio
1054 1484 1096 1508 ex
1114 1472 1258 1508 maiori
1275 1472 1484 1509 caritativa
1500 1473 1610 1520 peni-
1669 1475 1860 1540 conriiiiiizlly

294 1529 425 1566 tencia
448 1530 566 1567 fuerit
589 1530 668 1567 sive
692 1531 918 1578 generalior
940 1530 1020 1566 sive
1036 1529 1332 1578 particularior‚
1351 1532 1399 1567 de
1415 1540 1527 1567 tanto
1552 1540 1609 1567 est
1625 1538 1747 1565 confess
1768 1544 1799 1566 to
1819 1540 1900 1575 God,

381 1587 387 1593 .
586 1602 593 1606 .
644 1589 650 1594 .
680 1588 686 1594 .
739 1589 746 1595 .
1109 1588 1115 1593 .
1282 1588 1287 1594 .
1407 1588 1413 1594 .
1497 1589 1504 1594 -
1659 1573 1730 1599 who
1751 1573 1776 1600 is
1797 1575 1869 1602 then

298 1588 451 1624 mehor.
476 1590 554 1625 Sed
571 1589 787 1625 verisimile
811 1597 868 1625 est
884 1590 993 1637 quod
1017 1589 1263 1624 declinantes
1280 1602 1319 1624 1n
1335 1589 1609 1637 obligaCiones
1638 1615 1752 1642 proper
1772 1609 1886 1643 1³5&oe

297 1647 345 1682 ad
364 1645 606 1683 tradiciones
625 1647 891 1683 accidentales
905 1659 981 1695 que
1002 1647 1148 1683 fastum
1172 1656 1209 1683 et
1224 1656 1409 1694 questum
1433 1646 1607 1695 sapiunt,
1655 1642 1787 1704 bffibtgssf'
1807 1652 1875 1706 “1⁷12ss

296 1704 456 1740 fuerunt
490 1704 634 1741 remoti
673 1706 722 1741 ab
761 1705 837 1741 ista
876 1705 1092 1741 sentencia.
1140 1706 1232 1741 Ideo
1271 1705 1427 1741 videtur
1466 1705 1608 1741 melius
1650 1685 1764 1739 pwhat
1783 1687 1847 1740 {vas

297 1761 455 1798 fidelem
502 1775 642 1799 exuere
682 1762 959 1811 duplicitatem
1001 1772 1037 1799 et
1082 1763 1215 1799 oleum
1262 1763 1525 1809 adulacionis‚
1572 1772 1608 1798 et
1682 1749 1845 1810 ogiginatliy

297 1832 395 1867 pure
427 1822 648 1856 secundum
689 1821 816 1869 legem
851 1820 970 1857 Cristi
1002 1821 1129 1857 levem
1168 1830 1205 1857 et
1244 1822 1436 1857 mundam
1472 1821 1607 1857 fideles
1632 1816 1685 1878 nsoot
1702 1817 1891 1880 {Zigxgssssffig

296 1877 505 1915 instruere.
544 1881 625 1915 Nec
659 1878 848 1915 iustificat
881 1879 1007 1927 legem
1043 1878 1265 1926 predictam
1302 1881 1409 1927 quod
1442 1879 1482 1915 in
1521 1879 1607 1927 ipsa
1648 1887 1805 1923 duplicity,
1829 1888 1882 1915 but

738 1937 744 1942 .
863 1937 869 1942 .
893 1937 899 1942 .
1182 1936 1188 1942 .
1386 1937 1391 1942 .
1482 1937 1488 1942 .
1669 1921 1773 1948 follow
1794 1923 1853 1949 and

297 1937 423 1972 multa
456 1938 562 1973 bona
595 1946 632 1973 et
665 1937 929 1973 racionabilia
961 1945 1052 1973 sunt
1086 1946 1279 1982 comixta;
1327 1950 1421 1985 quia
1460 1949 1515 1973 Sic
1550 1945 1606 1972 est
1634 1956 1721 1982 teach
1742 1957 1792 1983 the
1815 1966 1889 1991 pure

296 1993 336 2029 in
369 1995 569 2030 mandatis
603 2004 639 2031 et
672 2004 756 2031 tota
788 1994 869 2031 vita
901 1994 1063 2041 diaboli,
1109 2008 1199 2031 cum
1239 1996 1335 2031 deus
1372 2008 1453 2031 non
1492 1995 1607 2031 aliter
1641 1991 1699 2017 law
1719 1991 1754 2018 of
1770 1992 1886 2019 Christ.

298 2051 304 2057 .
570 2053 576 2059 .
747 2053 752 2058 .
1323 2053 1330 2058 .
1376 2053 1382 2058 -
1639 2036 1740 2064 There
1760 2038 1785 2064 is
1806 2039 1885 2073 good

296 2064 427 2099 ipsum
451 2062 701 2101 permitteret
724 2066 779 2089 sic
802 2065 982 2101 regnare.
1018 2054 1095 2089 Lex
1118 2062 1252 2089 autem
1277 2062 1467 2089 cristiana
1491 2054 1607 2089 debet
1622 2072 1723 2098 mixed
1745 2073 1818 2099 with
1840 2074 1898 2101 evil

298 2122 381 2146 esse
414 2112 543 2146 solum
578 2112 644 2147 lex
677 2111 821 2147 domini
851 2111 1085 2147 inmaculata
1119 2119 1345 2147 convertens
1372 2111 1536 2158 animas,
1571 2119 1607 2147 et
1622 2107 1898 2178 cigngsslisbffi't‘Ug‘ffl}

1725 2163 1731 2175 5
1865 2178 1869 2181 .

297 2180 366 2215 per
401 2181 649 2217 consequens
672 2169 849 2205 recusari
874 2170 989 2205 debet
1011 2182 1033 2205 a
1057 2169 1209 2205 cunctis
1233 2169 1416 2205 fidelibus
1439 2178 1607 2217 propter
1631 2175 1764 2214 Christ's
1785 2178 1843 2204 law
1863 2186 1889 2204 ιε

298 2226 585 2263 comixcionem
622 2226 895 2275 cuiuscunque
929 2227 1054 2263 atomi
1088 2226 1297 2265 anticristi.
1657 2213 1863 2239 immaculate.

365 2373 392 2400 8.
414 2373 477 2400 sive
496 2374 542 2407 A;
563 2373 628 2400 sine
649 2364 719 2400 o‘ffia
739 2374 777 2401 A.
835 2373 917 2401 6—8.
935 2373 978 2400 sic
992 2389 1025 2392 ——
1040 2373 1169 2400 salutem
1184 2374 1270 2400 th'ce
1284 2373 1317 2401 B.
1374 2373 1412 2401 18.
1429 2373 1552 2408 gloriari
1568 2374 1607 2401 A.

297 2416 343 2442 20,
364 2416 404 2435 21.
426 2408 597 2443 penitencia
619 2424 647 2427 —
671 2408 733 2435 sive
754 2408 837 2436 deest
856 2409 894 2436 A.
968 2416 1007 2436 21.
1024 2408 1227 2443 principalior
1242 2408 1276 2435 C.
1350 2407 1393 2435 33.
1414 2409 1525 2435 actomi
1541 2408 1607 2436 AC.

365 2502 398 2532 4.
430 2492 456 2522 It
482 2493 509 2523 is
536 2502 554 2523 a
580 2493 743 2523 tradition
769 2499 805 2523 to
833 2493 875 2524 be
901 2492 1010 2523 found
1038 2493 1073 2523 in
1100 2492 1257 2523 Catholic
1291 2492 1448 2534 mystical
1480 2492 1607 2531 works,

297 2538 370 2569 that
402 2537 459 2569 the
493 2539 530 2569 Β.
555 2539 596 2569 V.
628 2539 735 2580 Mary,
768 2539 853 2570 after
884 2538 941 2570 the
975 2538 1114 2570 Church
1146 2549 1218 2570 was
1253 2538 1420 2577 founded,
1453 2539 1538 2569 used
1572 2546 1607 2569 to

298 2584 435 2615 confess
473 2585 540 2616 and
580 2585 657 2616 take
689 2585 781 2627 Holy
814 2586 1049 2616 Communion
1089 2596 1193 2627 every
1226 2586 1303 2627 day.
1341 2584 1427 2615 This
1459 2585 1608 2626 practice

297 2631 325 2661 is
363 2631 436 2661 also
475 2632 748 2663 recommanded
785 2638 821 2662 to
861 2632 983 2673 priests
1022 2632 1056 2662 in
1095 2632 1227 2663 several
1266 2631 1432 2672 religious
1475 2632 1607 2662 orders,

299 2678 352 2710 23.
384 2677 577 2709 Verisimile
606 2678 633 2708 is
660 2688 678 2709 a
703 2687 786 2720 very
813 2679 898 2709 mild
926 2678 1127 2719 expression
1152 2678 1289 2709 indeed.
