2067 3298
179 955 246 982 The
267 954 417 989 necessity

186 993 217 1016 ot
237 989 412 1016 confession

211 1030 240 1051 to
261 1033 276 1051 a
298 1024 392 1058 priest

211 1059 383 1086 exnmined.

177 1245 269 1272 Some
291 1253 344 1280 say
364 1243 426 1270 this

173 1284 346 1307 sacrament
365 1287 429 1305 was

172 1315 330 1341 instituted
353 1313 428 1340 after

193 1349 322 1376 Adflm's
345 1349 407 1378 sin:

188 1384 240 1410 but
261 1392 299 1410 110
322 1384 417 1417 priest

210 1427 274 1445 was
294 1418 389 1445 there.

184 1696 297 1722 Others
316 1695 381 1722 that
401 1694 423 1721 it

189 1739 252 1757 was
273 1730 348 1757 after
368 1730 418 1756 the

195 1765 240 1792 sin
264 1766 298 1791 οἵ
315 1764 408 1795 Cain;

175 1800 276 1827 which
299 1808 315 1825 0
342 1800 427 1826 inion

807 819 1151 867 CAPITULUM
1188 819 1407 867 NONUM.

512 947 658 983 Habita
692 946 955 983 invalitudine
987 946 1084 994 legis
1116 946 1309 994 predicte,
1353 946 1446 982 licet
1485 945 1604 982 faciat
1637 946 1763 981 multa
1803 951 1842 980 Α.

453 1007 571 1051 bona,
605 1015 785 1054 superest
818 1004 957 1041 rimari
990 1004 1068 1041 alia
1101 1004 1346 1050 testimonia,
1381 1005 1488 1052 quod
1521 1015 1681 1039 neeesse
1706 1012 1762 1039 est

454 1063 635 1100 confiteri
659 1063 898 1111 presbitero.
934 1063 1087 1098 Recitat
1112 1062 1216 1098 enim
1251 1063 1382 1110 glossa
1415 1060 1621 1098 ordinaria
1643 1073 1762 1108 super

453 1120 653 1169 principio
689 1121 778 1157 dist.
816 1121 856 1156 5ο
884 1121 924 1156 in
957 1122 1004 1156 de
1037 1120 1274 1169 penitenciis
1312 1120 1346 1156 5.
1375 1119 1584 1167 opiniones
1616 1119 1656 1154 in
1689 1119 1796 1155 ista5

455 1179 634 1215 materia.

516 1236 650 1273 Prima
684 1236 778 1272 dicit
811 1237 919 1284 quod
952 1235 1179 1272 institutum
1212 1235 1286 1272 fuit
1318 1244 1615 1272 sacramentum
1650 1233 1762 1282 peni-

454 1294 582 1331 tencie
616 1304 652 1331 et
685 1294 864 1330 iniuncta
895 1293 1042 1330 vocalis
1076 1293 1271 1330 confessio
1311 1293 1511 1329 sacerdoti
1550 1292 1684 1328 statim
1724 1291 1764 1327 in

455 1353 642 1400 paradiso
689 1361 778 1400 post
823 1361 1047 1400 peccatum,
1094 1352 1251 1388 dicente
1302 1351 1465 1387 domino
1516 1352 1565 1387 ad
1619 1351 1763 1395 Adam,

453 1423 539 1458 gen.
584 1411 640 1456 30,
691 1411 763 1446 Ubi
798 1410 866 1446 es?
910 1409 1023 1458 quasi
1069 1410 1236 1446 diceret:
1287 1409 1508 1457 “penitens,
1554 1408 1764 1444 considera
1804 1401 1889 1432 Gen.

454 1477 602 1504 statum
637 1468 800 1504 tuuml'’
850 1469 929 1504 Sed
973 1468 1072 1504 illud
1103 1480 1185 1504 non
1226 1475 1419 1512 moneret,
1459 1466 1534 1502 nisi
1573 1467 1622 1502 ad
1654 1465 1765 1514 peni·
1802 1447 1890 1490 111’9

453 1526 625 1562 tenciam
662 1525 805 1562 mentis
839 1525 1004 1562 domino
1037 1526 1307 1572 revelandam,
1342 1537 1432 1561 cum
1464 1524 1642 1560 nonfuit
1669 1532 1764 1559 tunc

455 1597 576 1632 supra
610 1586 738 1620 Adam
773 1585 960 1620 sacerdos
993 1583 1137 1632 aliquis
1162 1592 1296 1632 preter
1328 1584 1461 1619 deum.
1497 1583 1680 1618 Secunda
1701 1581 1763 1617 via

456 1642 551 1678 dicit
596 1643 703 1690 quod
743 1641 939 1678 confessio
980 1642 1084 1690 cepit
1123 1655 1145 1678 a
1178 1643 1301 1689 Cayrn
1335 1640 1552 1686 fratricida,
1587 1640 1762 1688 quando,

456 1691 543 1747 gen.
568 1704 629 1746 40,
665 1699 760 1735 dixit
783 1699 970 1736 dominus
994 1701 1044 1736 ad
1067 1712 1176 1736 eum:
1213 1699 1285 1735 Ubi
1305 1706 1359 1734 est
1380 1699 1625 1747 Abelfrater
1648 1697 1765 1733 tuus?
1804 1691 1889 1722 Gen·

457 1759 535 1794 Sed
568 1767 662 1794 tunc
695 1766 993 1794 sacramentum
1027 1759 1192 1794 haberet
1227 1757 1374 1793 malam
1416 1765 1453 1792 et
1492 1755 1653 1792 inanem
1686 1754 1763 1791 ori·
1802 1737 1897 1780 IV⁷9

163 1834 370 1869 impliestiat
390 1834 439 1860 the
455 1816 607 1864 ginem3
652 1828 725 1852 nec
769 1815 953 1852 innueret
997 1815 1073 1852 nisi
1119 1814 1410 1852 confessionem
1455 1813 1629 1850 fiendam
1674 1814 1762 1849 deo.

167 1869 233 1896 first
253 1868 431 1895 confession

161 1912 225 1930 was
246 1912 262 1930 a
285 1904 342 1930 bad
364 1911 432 1930 one.

459 1874 501 1910 3ιἹ
549 1873 643 1909 dicit
690 1875 797 1921 quod
842 1873 991 1921 incepit
1034 1883 1216 1921 tempore
1259 1872 1356 1920 legis
1402 1873 1492 1908 date
1537 1874 1654 1907 Josue
1702 1874 1761 1918 70,
1811 1899 1882 1930 Jos-

167 1950 282 1976 Others
304 1949 391 1976 make
412 1949 434 1976 it
456 1933 616 1980 quando
649 1933 768 1967 Josue
801 1931 896 1967 dixit
928 1932 1085 1968 Achan:
1133 1932 1195 1976 αά,
1234 1930 1377 1979 inquit,
1422 1930 1593 1980 gloriam
1628 1930 1697 1965 deo
1730 1935 1764 1964 et
1783 1945 1855 1985 VH,
1876 1955 1913 1981 10

208 1984 296 2019 begin
318 1984 391 2010 with

232 2019 370 2046 Achan's

457 1990 638 2040 confitere
674 1989 790 2025 michi
815 1989 905 2038 quid
916 1990 1078 2038 feceris.
1114 1990 1190 2025 Sed
1214 1988 1320 2025 istud
1342 1988 1500 2024 videtur
1523 1988 1762 2024 concludere
1780 2001 1821 2022 20

165 2053 358 2087 confession;
379 2053 439 2080 this
456 2049 565 2096 quod
589 2047 814 2095 penitencia
838 2047 998 2095 publica
1022 2047 1072 2084 sit
1095 2047 1244 2095 populo
1278 2046 1475 2082 facienda.
1499 2049 1544 2091 4²¹
1572 2045 1634 2082 via
1668 2044 1764 2080 dicit

165 2096 317 2124 supposes
339 2088 440 2123 public

228 2131 373 2158 pellassCO.

456 2107 565 2154 quod
609 2105 836 2153 penitencia
882 2105 986 2153 cepit
1038 2114 1220 2153 tempore
1265 2104 1362 2152 legis
1410 2103 1555 2152 gracie,
1608 2103 1763 2139 dicente

190 2169 301 2196 Others
323 2173 415 2204 quote
455 2164 603 2199 Jacobo
632 2164 687 2199 50.
718 2163 959 2213 Confitemini
978 2164 1211 2199 alterutrum
1230 2170 1391 2212 peccata
1415 2169 1558 2209 vestra,
1589 2169 1624 2197 et
1656 2168 1764 2197 orate
1793 2153 1912 2185 Jacob.

166 2204 210 2232 Sti
230 2203 342 2236 James,
364 2204 433 2230 who

178 2239 300 2265 advises
321 2239 393 2274 only
413 2247 428 2265 a

240 2274 359 2308 general

209 2308 395 2334 confession.

227 2342 293 2369 The
314 2343 371 2369 last

162 2377 290 2411 opinion
313 2377 432 2404 derives

171 2412 192 2438 it
214 2412 315 2438 rather
336 2412 418 2439 from

180 2446 326 2473 tradition
347 2447 420 2474 than

187 2481 361 2515 Scriptum
383 2481 413 2508 in

181 2516 281 2542 which
303 2523 372 2542 case
393 2516 415 2542 it

183 2550 284 2577 would
308 2555 359 2577 not
381 2551 415 2577 be

232 2585 368 2619 binding,

450 2234 526 2270 pro
550 2222 707 2257 invicem
733 2229 772 2257 ut
793 2221 1005 2257 salvemini.
1033 2223 1110 2258 Sed
1132 2221 1231 2257 illud
1253 2233 1334 2256 non
1356 2220 1512 2256 videtur
1529 2231 1671 2256 sonare
1688 2218 1764 2255 nis1

1755 2219 1761 2224 -
1801 2201 1842 2239 V,
1867 2199 1904 2231 16

455 2279 495 2314 in
529 2279 819 2315 confessionem
853 2280 1079 2326 generalem
1112 2278 1317 2326 reciproce
1351 2278 1522 2314 fiendam
1555 2291 1576 2314 a
1598 2277 1820 2326 populo.25

514 2339 618 2381 Ideo,
668 2338 708 2373 5a
743 2337 881 2385 opinio
926 2336 1137 2385 glossantis
1182 2345 1239 2373 est
1278 2338 1386 2385 quod
1431 2335 1572 2371 melius
1618 2334 1763 2371 dicitur

456 2394 745 2431 confessionem
784 2395 1008 2431 institutam
1049 2408 1071 2431 a
1109 2396 1284 2443 quadam
1325 2393 1557 2430 universalis
1598 2392 1762 2429 ecclesie

454 2452 689 2497 tradicione,
716 2453 853 2500 pocius
885 2466 1005 2502 quam
1037 2465 1080 2489 ex
1103 2452 1300 2501 scripture
1334 2451 1592 2497 auctoritate;
1628 2460 1664 2487 et
1696 2451 1764 2487 illa

456 2519 511 2546 est
545 2510 785 2558 obligatoria
825 2519 869 2547 ut
908 2512 1156 2547 mandatum.
1204 2512 1281 2546 Sed
1325 2510 1482 2546 videtur
1520 2510 1627 2557 quod
1666 2510 1762 2545 deus

454 2581 533 2604 non
567 2568 675 2604 dedit
709 2570 783 2605 hoc
823 2570 1058 2605 mandatum
1099 2568 1138 2605 in
1177 2569 1262 2616 lege
1302 2566 1617 2616 completissima
1655 2568 1762 2615 quod
1780 2572 1820 2604 30

525 2699 543 2717 1.
572 2690 647 2726 Cap.
669 2691 752 2718 deest
771 2699 873 2719 omnes
892 2691 983 2719 MSS.
1080 2699 1104 2719 2.
1132 2691 1237 2718 Initial
1254 2691 1289 2718 H
1304 2690 1335 2717 in
1355 2691 1412 2718 red
1432 2690 1485 2717 inlr
1505 2690 1538 2717 C.
1630 2689 1654 2716 3.
1686 2690 1764 2716 bona

454 2724 539 2752 deest
557 2726 619 2752 AB.
677 2734 709 2753 11.
733 2731 834 2753 movet
855 2727 886 2753 Β.
944 2727 980 2753 15.
997 2726 1071 2753 deus
1087 2726 1163 2753 dixit
1177 2726 1208 2752 B.
1273 2725 1311 2753 18.
1328 2725 1431 2752 Yozue
1447 2724 1480 2752 C.
1540 2732 1581 2759 19.
1598 2725 1704 2751 Achor
1718 2726 1762 2757 A3

454 2760 557 2798 Achai·
578 2760 611 2788 C.
675 2760 717 2788 25.
740 2761 769 2787 in
789 2769 847 2796 pro
869 2769 885 2788 a
904 2762 942 2788 A.
1006 2768 1049 2795 27.
1072 2761 1254 2788 universalis
1275 2760 1360 2788 deest
1379 2760 1443 2787 AB.
1498 2766 1545 2794 29.
1567 2759 1700 2794 obligata
1720 2760 1762 2792 A;

455 2795 494 2820 w.
517 2800 547 2821 ut
568 2795 715 2822 mandant
736 2796 772 2822 A.
846 2794 892 2823 30.
914 2795 1003 2822 debet
1023 2797 1060 2822 A.

527 2877 554 2908 5.
589 2878 685 2909 Decr.
715 2878 807 2910 Grat.
835 2879 884 2910 De
911 2879 1018 2910 Periit.
1046 2879 1086 2909 D.
1105 2879 1145 2917 V,
1174 2889 1200 2909 c.
1226 2889 1250 2909 1.
