2067 3298
257 234 336 269 204

289 348 355 375 The
376 348 441 374 best
462 346 497 374 of

271 384 353 410 them
375 390 427 417 sav
449 382 518 416 incy

296 425 387 444 never
408 417 495 443 made

281 460 339 488 any
361 452 434 478 Iriar
455 452 506 477 but

276 495 342 516 one.
368 486 425 513 aud
449 486 513 512 tliat

273 523 343 557 they
365 521 511 555 rcgrcited

286 562 307 584 it
327 564 396 583 ever
417 558 501 582 aiter.

279 593 306 618 A
330 591 511 618 triarntaloer

267 626 373 653 claims
395 631 425 652 to
447 626 521 651 liaxc

290 660 411 687 entered
434 660 497 686 into

286 695 383 722 God's
405 699 501 721 sceret

267 731 419 757 counsels.
442 729 519 755 Tuis

253 765 358 791 advice
371 764 479 790 should
497 764 531 789 bc

265 799 352 834 given
376 799 446 825 witli
470 799 519 825 [lie

257 838 372 860 utmost
400 841 529 861 i'cmrx‘c.

299 985 389 1020 Many
410 985 497 1011 lliink

286 1020 349 1046 that
369 1024 398 1046 lo
420 1025 504 1046 enter

287 1063 344 1080 onc
365 1054 397 1081 of
416 1055 499 1080 uic-se

265 1089 372 1115 orders
394 1097 522 1115 saxonrs

293 1124 326 1149 ol'
344 1124 498 1157 sortist-ac,

280 1159 327 1185 for
347 1159 369 1185 it
389 1159 414 1185 is
436 1159 471 1185 all
494 1167 509 1184 a

256 1193 369 1219 chance
391 1194 527 1220 whether

276 1228 296 1254 it
320 1229 376 1254 will
404 1228 514 1255 render

287 1270 343 1289 onc¹
365 1263 443 1297 good
467 1271 501 1289 or

284 1298 420 1331 xicious3
443 1298 501 1324 :ind

302 1333 372 1367 they
393 1334 485 1368 fret-ly

285 1367 400 1393 submit
421 1368 499 1394 tlicir

340 1403 451 1429 eterna!

293 1438 441 1464 salvation
464 1443 494 1464 to

268 1472 340 1498 such
364 1481 378 1498 a
399 1473 521 1501 chance.

273 1507 360 1532 while
381 1507 430 1533 tlic
452 1512 520 1533 true

311 1549 377 1575 way
398 1547 427 1568 to
451 1542 484 1568 be

278 1577 367 1602 saved
390 1577 415 1603 is·
436 1585 513 1610 open

324 1616 354 1637 to
375 1611 468 1638 them.

309 2089 494 2124 Olyeclions.

278 2134 297 2152 ι.
320 2124 521 2158 “According

275 2166 304 2186 to
325 2160 385 2187 this
406 2160 522 2194 ilic-ori.

275 2196 295 2222 it
316 2195 340 2221 is
363 2203 470 2228 wrong
490 2200 520 2221 Io

303 2230 410 2256 cxlioit
431 2234 459 2255 io
482 2238 497 2255 a

286 2265 425 2291 xistuous
448 2264 507 2296 lisey

359 2299 441 2325 since
504 2332 508 2335 ²

270 2341 484 2368 perse-xerancc
503 2340 526 2358 is

264 2368 413 2399 doubtful,
436 2367 491 2395 aad
513 2375 526 2393 a

264 2404 311 2430 ml}
335 2404 436 2429 would
462 2402 531 2428 then

332 2439 365 2464 be
388 2445 469 2464 more

334 2472 465 2506 >merely

308 2506 505 2543 punislicds'¹

272 2543 325 2569 1)·ιιι
346 2543 392 2568 tue
413 2549 479 2568 case
501 2549 525 2566 is

276 2582 327 2603 not
348 2578 395 2603 the
418 2583 514 2604 nune:

275 2611 377 2641 xirluc,
400 2610 476 2642 wod
500 2609 527 2636 in

294 2646 380 2677 itsclt',
400 2652 506 2671 causes

297 2680 350 2707 eri!
372 2680 441 2714 01in
464 2679 499 2714 by

325 2714 471 2741 accident.

989 229 1212 260 JOHANNIS
1238 228 1424 259 WYCLIF
1668 227 1757 254 CAP.
1779 227 1859 255 XIV.

546 338 691 373 ducere
730 336 852 372 talem
893 336 1067 372 statum?
1112 336 1204 371 Ideo
1249 333 1465 382 periciores
1505 336 1674 371 fratrum
1722 336 1861 373 dicunt

546 396 790 443 quandoque
834 394 943 442 quod
989 406 1195 442 nunquam
1243 393 1422 429 fecerunt
1462 393 1638 441 aliquem
1681 395 1860 441 fratrem,

545 453 618 489 nisi
659 465 798 496 unum,
845 464 885 488 se
923 450 1032 499 ipsos
1071 450 1236 495 scilicet,
1284 460 1321 486 et
1360 451 1496 487 dolent
1536 451 1724 488 continue
1764 452 1862 488 illud

546 524 659 558 opus.
695 511 803 546 Istud
836 517 970 546 autem
1007 518 1063 545 est
1085 508 1277 557 possibile
1311 521 1395 545 esse
1418 521 1557 545 verum
1585 518 1621 546 et
1645 512 1864 557 prudenter

548 568 718 613 dictum;
755 580 843 604 cum
879 567 983 603 enirn
1018 567 1108 603 talis
1142 566 1395 603 consiliarius
1419 567 1621 615 pretendit
1653 581 1693 604 se
1717 569 1896 605 habere5

546 626 731 674 spiritum
767 625 923 662 consilii
957 625 1032 671 dei,
1066 625 1223 661 videtur
1256 626 1365 673 quod
1399 625 1609 662 blasfemat
1641 635 1724 662 tam
1759 627 1864 663 fron-

547 694 631 720 tose
672 693 708 720 et
754 683 886 719 nescie
926 685 1196 731 procurando.
1250 684 1365 719 Unde
1409 683 1567 719 videtur
1613 683 1711 720 mihi
1756 686 1864 733 quod

547 755 666 778 nemo
701 741 931 785 consulerit,
966 741 1041 777 nisi
1077 741 1258 777 habuerit
1293 742 1341 777 ad
1376 742 1451 778 hoc
1485 741 1777 778 revelacionem
1805 743 1865 779 vel

547 799 813 848 agitacionem
853 799 1017 847 spiritus
1057 799 1198 846 sancti,
1245 798 1338 847 quia
1383 799 1499 835 aliter
1531 799 1696 836 indubie
1729 810 1865 848 ageret

547 857 776 896 indiscrete.
825 858 938 894 Unde
971 857 1136 905 quidam
1177 857 1217 894 in
1256 857 1404 894 talibus
1438 857 1614 894 consiliis
1648 858 1703 894 eis
1736 858 1864 895 ambi·
1885 872 1923 892 10

547 915 632 964 guis
665 917 855 952 locuntur
883 915 1236 961 condicionaliter3
1270 924 1427 963 ponunt
1459 917 1674 952 custodiam
1699 917 1861 955 orisuo.

606 975 721 1010 Unde
752 973 907 1010 videtur
941 973 1077 1010 multis
1100 975 1208 1022 quod
1241 987 1364 1022 opera
1396 974 1695 1010 fraternitatum
1730 974 1864 1011 huius·
1925 1001 1978 1032 Ps.

548 1031 670 1070 modi,
716 1045 793 1079 que
838 1032 965 1068 eciam
1005 1031 1161 1079 spissim
1203 1033 1403 1080 pullulant
1436 1032 1538 1068 inter
1576 1032 1714 1079 laicos,
1760 1033 2046 1075 interxxxviu,

548 1090 625 1126 alia
662 1091 767 1126 mala
801 1090 960 1137 sapiunt
984 1089 1247 1138 sortilegium,
1284 1103 1373 1126 cum
1408 1102 1526 1126 nemo
1551 1090 1717 1138 ambigit
1751 1090 1861 1139 quin,
1944 1093 1953 1113 1

548 1148 651 1184 sicut
692 1150 841 1184 bonum
876 1148 1039 1184 fortuite
1072 1158 1203 1195 potest
1244 1161 1287 1184 ex
1325 1148 1401 1184 illis
1441 1149 1685 1196 contingere.
1732 1148 1788 1185 sic
1828 1152 1922 1186 et15

550 1208 719 1252 malum,
751 1219 824 1242 nec
859 1215 916 1242 est
948 1206 1176 1242 fraternitas
1211 1205 1442 1242 huiusmodi
1465 1219 1535 1254 per
1558 1219 1598 1243 se
1622 1208 1739 1253 bona,
1774 1220 1864 1243 cum

549 1265 650 1300 sicut
685 1264 899 1301 casualiter
933 1265 1069 1300 multis
1093 1265 1254 1313 proficit
1278 1266 1328 1301 ad
1351 1264 1555 1310 virtutem,
1589 1264 1644 1301 sic
1669 1274 1705 1301 et
1730 1265 1865 1301 multis

549 1322 673 1359 officit
706 1323 755 1358 ad
789 1322 1141 1370 dampnacionem.
1179 1322 1395 1359 Hominem
1430 1322 1552 1371 igitur
1574 1336 1724 1371 ponere
1757 1336 1797 1359 se
1825 1323 1864 1359 in

548 1381 616 1416 tali
650 1390 756 1417 sorte
788 1390 984 1428 perpetua
1024 1390 1080 1417 est
1122 1380 1286 1417 maioris
1327 1380 1500 1417 stulticie
1545 1394 1665 1429 quam
1707 1381 1866 1417 mittere

548 1448 713 1488 sortem,
748 1438 849 1474 sicut
872 1439 1051 1475 fecerunt
1075 1439 1248 1486 apostoli
1273 1441 1320 1475 de
1344 1439 1560 1488 eleccione,
1595 1452 1686 1475 cum
1709 1439 1866 1475 videtur
1883 1451 1924 1472 20

549 1498 656 1545 quod
680 1498 778 1533 tales
802 1497 981 1544 sortilegi
1004 1497 1196 1533 continuo
1221 1507 1257 1533 et
1282 1507 1477 1545 perpetuo
1495 1497 1579 1532 sine
1604 1498 1866 1533 fundamento

548 1568 587 1591 se
620 1554 718 1591 sorti
750 1555 951 1591 subiciunt
982 1554 1021 1590 in
1055 1555 1251 1602 periculo:
1292 1555 1386 1603 quia
1420 1555 1676 1591 manifestum
1710 1555 1868 1591 videtur

549 1614 656 1661 quod
673 1613 901 1661 ingrediens
917 1613 1208 1649 fraternitatem
1235 1613 1466 1649 huiusmodi
1485 1613 1628 1649 subicit
1648 1626 1688 1649 se
1706 1614 1866 1649 fortune

549 1684 627 1719 quo
652 1673 702 1707 ad
726 1670 1017 1707 beatitudinem
1037 1672 1096 1707 vel
1113 1671 1465 1719 dampnacionem.
1491 1673 1569 1708 Sed
1590 1671 1684 1719 quid
1701 1671 1865 1707 stulcius
1905 1674 1946 1704 B.

549 1738 616 1765 aut
644 1729 921 1777 periculosius,
955 1741 1043 1765 cum
1077 1729 1139 1765 via
1169 1742 1309 1766 secura
1339 1729 1388 1765 sit
1410 1728 1577 1777 patula?
1612 1729 1865 1766 Detestabilis
1883 1731 1921 1763 25

551 1788 685 1835 itaque
724 1796 781 1823 est
822 1786 984 1835 argucia
1017 1787 1234 1823 anticristi:
1287 1788 1373 1823 Tali
1401 1795 1533 1823 sancto
1573 1788 1745 1823 convenit
1778 1788 1866 1823 talis

550 1845 817 1881 conversacio.-
844 1857 948 1892 ergo,
974 1847 1043 1881 toti
1063 1853 1162 1882 secte
1186 1847 1293 1881 debet
1316 1854 1544 1894 competere,
1569 1859 1656 1881 cum
1683 1854 1865 1894 tempore

551 1905 825 1952 apostolorum
860 1903 992 1939 statim
1027 1906 1301 1940 destrueretur
1333 1904 1408 1940 ista
1432 1903 1652 1945 blasfemia,
1688 1916 1733 1940 eo
1757 1905 1865 1952 quod

551 1962 624 1998 soli
647 1961 777 1998 Cristo
801 1961 985 1997 convenit
1007 1962 1097 1998 talis
1120 1962 1331 2010 primatus,
1354 1975 1437 1998 non
1459 1962 1515 1998 ita
1539 1961 1796 2010 singulariter
1824 1962 1863 1997 in

551 2021 694 2069 specie,
729 2021 795 2055 sed
830 2019 869 2055 in
903 2032 1059 2067 genere.
1880 2021 1923 2053 30

608 2078 683 2114 Sed
729 2087 867 2114 contra
913 2078 1093 2125 predicta
1138 2079 1310 2114 instatur
1350 2078 1495 2126 primo,
1541 2089 1585 2113 ex
1633 2078 1709 2114 hoc
1754 2080 1860 2125 quod

551 2148 667 2173 nemo
702 2137 926 2172 consuleret
959 2138 1008 2172 ad
1041 2136 1220 2181 virtutes,
1255 2149 1345 2172 cum
1380 2144 1458 2171 stat
1490 2135 1714 2171 virtuosum
1749 2149 1865 2172 occa-

548 2194 659 2230 sione
692 2194 848 2230 virtutis
883 2195 1096 2242 dampnari
1129 2195 1324 2240 severius,
1364 2203 1406 2230 ut
1438 2202 1549 2241 patet
1582 2195 1629 2230 de
1663 2193 1862 2240 Scarioth,

549 2254 596 2288 de
620 2265 699 2300 quo
725 2252 877 2288 Cristus
904 2251 998 2288 dicit
1022 2254 1163 2289 Matth.
1196 2266 1255 2298 14.
1289 2253 1439 2288 Bonum
1468 2259 1553 2287 emt
1585 2252 1654 2298 illi,
1687 2252 1722 2288 si
1753 2260 1864 2289 natus
1890 2265 2008 2296 Matth.

549 2311 780 2358 nonsuz'sset
802 2312 915 2346 homo
949 2311 1023 2348 ille.
1060 2311 1171 2347 Sicut
1197 2311 1300 2347 enim
1324 2311 1445 2346 homo
1470 2309 1684 2346 occasione
1707 2310 1863 2357 peccati
1883 2312 2002 2361 XXYI,

550 2368 591 2404 fit
615 2368 818 2409 humilior,
853 2368 908 2405 sic
942 2369 1157 2405 occasione
1188 2368 1345 2405 virtutis
1379 2381 1400 2404 a
1424 2380 1501 2416 qua
1525 2368 1680 2416 ingrate
1704 2368 1861 2415 cecidit,
1926 2362 1967 2389 20

550 2426 591 2462 fit
617 2426 927 2474 dampnabilior.
961 2429 1037 2463 Sed
1062 2427 1271 2476 supposita
1295 2426 1558 2463 distinccione
1582 2428 1629 2462 de
1652 2426 1863 2463 occasione

551 2486 643 2521 data
684 2494 719 2520 et
759 2485 971 2522 occasione
1012 2495 1190 2533 accepta,
1237 2493 1347 2533 patet
1386 2486 1494 2533 quod
1533 2497 1614 2521 non
1654 2493 1711 2521 est
1750 2485 1863 2520 color

551 2543 789 2579 concludere
814 2545 921 2591 quod
956 2556 1075 2579 nemo
1110 2545 1227 2580 debet
1251 2543 1458 2579 consulere
1482 2544 1532 2579 ad
1555 2542 1735 2587 virtutes,
1771 2555 1859 2578 cum

550 2600 626 2636 sint
659 2613 729 2648 per
762 2613 801 2637 se
835 2602 938 2637 bone
974 2601 1194 2646 moraliter,
1236 2601 1379 2649 quibus
1418 2613 1537 2636 nemo
1572 2600 1681 2637 abuti
1715 2609 1920 2648 potest.40

619 2790 644 2815 7.
668 2781 764 2808 nescit
782 2782 848 2809 AC.
940 2790 969 2816 o.
991 2782 1104 2809 sanctis
1128 2783 1164 2809 A.
1256 2789 1293 2808 12.
1316 2789 1442 2816 operam
1464 2781 1495 2808 B.
1590 2788 1629 2815 12,
1652 2779 1689 2807 13.
1712 2780 1802 2807 huius
1822 2781 1860 2807 A.

550 2835 588 2862 17.
616 2833 702 2864 cauar
727 2828 764 2854 A.
875 2827 913 2855 18.
942 2828 985 2854 sic
1007 2836 1067 2862 pro
1096 2836 1126 2854 se
1153 2828 1185 2854 B.
1299 2825 1342 2854 2'3.
1370 2826 1506 2853 subiceat
1531 2826 1563 2853 B.
1674 2826 1719 2853 28.
1747 2826 1797 2852 illa
1825 2825 1859 2852 C.

548 2869 594 2896 29.
616 2867 718 2897 itaque
739 2862 804 2896 BQ
825 2863 862 2889 ib.
885 2863 1105 2898 singularitatis
1127 2862 1161 2890 C.
1235 2861 1280 2895 34.
1302 2861 1409 2888 Matth.
1432 2870 1463 2895 14
1482 2861 1569 2888 deest
1587 2860 1621 2889 C.
