2067 3298
286 240 375 268 CAP.
396 240 431 267 Π.
740 242 800 274 DE
827 243 1136 274 BLASPHEMIA.
1840 237 1889 284 39

287 358 324 385 et
369 348 574 397 utrimque
619 348 837 385 refrenaret
882 348 1043 384 inflatos
1083 358 1336 397 pompantes,
1383 350 1511 386 sciens
1557 363 1600 387 ex
1622 359 1826 392 seutence;if
1843 359 1891 386 his

286 407 363 442 fide
396 408 504 455 quod
536 408 897 454 correspondenter
926 407 975 442 ad
1000 406 1142 443 merita
1165 420 1245 455 quo
1269 409 1319 443 ad
1342 407 1454 444 illum
1479 421 1599 456 quem
1632 392 1879 461 oxngitlffiistaggges

286 466 381 500 deus
415 473 506 501 ante
538 463 654 500 solvit
674 464 735 500 vel
766 464 877 512 ligat,
911 477 1016 512 papa
1040 473 1097 500 est
1120 477 1240 512 preco
1264 465 1392 501 fidelis
1421 466 1598 512 ecclesie,
1646 461 1854 497 blasphemes.

287 524 381 558 dum
427 521 632 558 humiliter
683 522 913 570 promulgat
959 521 1138 558 divinum
1190 522 1404 568 iudicium,
1454 536 1475 559 a
1521 537 1600 572 quo

252 580 532 626 §discordans,
567 579 610 615 fit
644 592 763 627 preco
796 579 922 627 patris
957 579 1168 625 mendacii,
1203 590 1240 616 et
1269 593 1504 628 presumens
1528 582 1598 618 hec

283 638 428 674 virtute
460 650 532 674 sua
565 637 650 673 fieri
683 638 893 673 blasfemat
926 637 966 672 in
995 639 1129 687 deum,
1153 646 1235 673 tam
1259 651 1298 674 se
1321 638 1452 686 ipsum
1477 652 1598 687 quam

285 695 465 732 subditos
498 697 739 732 seducendo.
779 696 1006 741 Quomodo,
1041 708 1178 743 queso,
1212 697 1377 732 haberet
1409 696 1596 733 virtutem
1639 703 1704 732 Can
1726 705 1762 731 he
1782 713 1861 740 open

286 755 335 789 ad
369 753 631 801 aperiendum
666 762 703 789 et
730 754 998 789 claudendum
1024 753 1248 802 cuicunque
1270 754 1440 791 voluerit
1462 764 1599 802 portas
1638 739 1865 809 ffi2{v{{t7e{,vss{

286 811 373 857 celi,
408 811 475 859 qui
509 820 648 848 contra
680 810 848 847 iniustos
882 820 1167 859 persequentes
1200 811 1332 859 ipsum
1363 812 1403 848 in
1426 812 1599 860 propriis
1626 809 1681 835 has
1702 816 1742 835 no
1763 809 1881 847 earffly

1632 851 1738 877 DOWCI'
1758 848 1878 877 agfllnSt

232 885 270 905 10
285 882 366 905 non
404 869 561 914 sufficit,
602 868 787 916 indignos
826 882 848 904 a
887 869 968 905 suis
1002 870 1222 915 excludere,
1262 871 1322 906 vel
1357 870 1485 918 dignis
1518 870 1599 907 suis
1623 877 1887 916 his-persecutors

285 926 500 963 carissimis
532 935 668 975 portas
702 926 884 974 proprias
909 927 1116 975 apperire?
1149 929 1227 963 Aut
1257 929 1461 976 quomodo
1485 930 1599 964 daret
1620 912 1891 975 Οᾌξέἆῗζζέζροξ

283 985 427 1032 quibus
471 985 639 1021 voluerit
682 984 958 1021 remissionem
1006 994 1043 1021 et
1092 985 1391 1033 indulgenciam
1442 986 1886 1022 “eciamCanhesaveand

282 1044 386 1079 ultra
425 1042 528 1078 diem
569 1042 749 1088 iudicii'’,
797 1051 834 1079 et
878 1052 980 1090 post,
1027 1042 1317 1079 beatitudinem
1362 1053 1597 1091 perpetuam
1626 1028 1876 1099 absxgffgesstffrs

283 1101 530 1149 angelorum,
577 1100 645 1149 qui
693 1113 773 1136 non
820 1102 939 1136 habet
983 1113 1005 1136 a
1050 1102 1124 1136 deo
1169 1100 1356 1137 Virtutem
1402 1102 1597 1138 iudicium
1626 1097 1872 1159 ciiisffisvgifvbznad

230 1158 592 1206 15dampnaci0nis
626 1158 788 1205 proprie
822 1158 1029 1204 evadendi,
1063 1159 1123 1194 vel
1157 1171 1229 1206 pro
1263 1158 1494 1195 abieccione
1527 1172 1598 1196 sua
1613 1171 1726 1194 cannot
1746 1141 1819 1194 elren
1842 1172 1888 1194 set

282 1216 322 1252 in
355 1218 476 1252 domo
509 1215 663 1252 domini
696 1228 775 1252 non
807 1216 927 1251 habet
959 1224 1200 1264 potestatem
1241 1230 1263 1252 a
1295 1229 1335 1253 se
1374 1217 1461 1264 ipso
1495 1216 1597 1253 iram
1636 1201 1867 1270 gffinacgsffinffig

283 1274 345 1310 dei
378 1287 423 1310 ac
456 1274 594 1310 odium
627 1273 856 1309 avertendi?
888 1274 945 1310 ve]
981 1275 1030 1309 ad
1064 1282 1288 1310 contratam
1314 1276 1361 1310 de
1393 1288 1471 1322 qua
1502 1275 1598 1311 dicit
1621 1270 1878 1332 ¹³¹³{0h152uffifglmss

282 1344 321 1368 se
355 1333 502 1368 habere
534 1332 697 1380 plenum
732 1331 957 1367 dominium
993 1343 1239 1380 quemquam
1267 1333 1451 1380 regulum
1476 1345 1594 1380 quem
1806 1328 1810 1332 ’

283 1389 412 1437 diligit
444 1389 732 1437 promovendi?
772 1391 872 1426 Cum
907 1388 1011 1425 enim
1047 1389 1177 1426 omnis
1210 1390 1354 1426 caritas
1389 1391 1505 1426 debet
1538 1390 1597 1426 in-
1640 1397 1763 1433 Having
1782 1398 1857 1425 such

225 1463 267 1484 20
282 1447 413 1495 cipere
454 1460 475 1483 a
508 1460 549 1483 se
582 1447 682 1495 ipsa,
723 1448 867 1483 stultus
906 1448 1008 1483 foret
1041 1456 1078 1483 et
1110 1446 1267 1494 ineptus
1304 1448 1485 1484 minister
1518 1448 1594 1494 dei,
1620 1433 1878 1494 trecalzurffssnvgthy

281 1505 349 1553 qui
372 1507 521 1542 habens
544 1505 743 1541 infinitum
769 1505 1003 1541 thesaurum
1028 1505 1357 1552 dispensandum,
1391 1515 1596 1542 assecurat
1623 1502 1820 1564 applffmtsheeffl
1839 1506 1869 1529 ‘0

280 1563 379 1600 alios
412 1564 459 1599 de
492 1562 741 1599 beatitudine
774 1575 844 1610 per
877 1563 960 1599 eius
994 1562 1322 1599 distribucionem
1354 1563 1595 1612 largifluam,
1810 1559 1814 1564 ’

280 1630 317 1657 et
340 1631 475 1658 tamen
498 1620 694 1668 permittit
718 1620 894 1656 animam
919 1633 1032 1656 suam
1056 1620 1186 1668 perire
1209 1630 1418 1669 perpetuo.
1447 1623 1595 1658 Revera

280 1679 347 1727 qui
370 1680 431 1715 vel
455 1687 512 1714 est
535 1678 693 1726 ineptus
715 1679 776 1714 vel
799 1678 1016 1726 negligens,
1042 1687 1084 1714 ut
1107 1688 1262 1726 partem
1293 1680 1394 1715 tanti
1418 1679 1596 1716 thesauri

224 1742 263 1774 25
280 1737 354 1773 sibi
388 1736 569 1784 recipiat,
604 1745 661 1772 est
692 1737 807 1772 valde
839 1736 998 1784 ineptus
1031 1745 1074 1772 ut
1104 1736 1372 1773 constituatur
1395 1750 1515 1785 super
1537 1746 1597 1774 tot

279 1796 383 1831 bona
422 1794 574 1830 domini
614 1794 891 1830 distribuenda
929 1794 1235 1842 quibuscunque
1270 1795 1460 1841 voluerit;
1503 1808 1594 1831 cum

279 1853 328 1888 sit
361 1854 556 1900 superbus
589 1852 769 1888 minister
801 1851 970 1901 luciferi,
1002 1851 1223 1900 dedignans
1251 1853 1485 1900 porcionem
1511 1862 1593 1889 tarn

281 1923 415 1947 caram
450 1911 678 1957 elemosyne
711 1909 785 1946 sibi
818 1909 893 1957 ipsi
927 1909 1121 1957 recipere.

339 1969 503 2018 Stultus,
543 1968 723 2015 inquam,
762 1968 888 2004 laicus
921 1967 989 2016 qui
1022 1967 1187 2004 confidit
1225 1968 1265 2003 in
1304 1977 1385 2004 tam
1426 1968 1594 2014 abiecto,
1628 1974 1818 2009 Awarning
1838 1978 1869 2001 to

225 2026 489 2071 30blasfemo,
535 2034 653 2074 atque
699 2025 898 2070 maniaco,
944 2027 1039 2061 dum
1078 2025 1201 2061 libere
1240 2026 1364 2073 possit
1403 2027 1595 2062 merendo
1680 2008 1813 2044 laymen.

281 2086 329 2120 ad
355 2084 529 2121 Cristum
554 2085 756 2128 accedere,
787 2083 856 2119 tali
880 2084 1115 2119 detestando
1137 2083 1348 2131 yppocrita
1371 2084 1596 2131 postposito

282 2151 318 2178 et
351 2142 517 2178 deiecto.
552 2144 634 2177 Nec
666 2150 831 2189 propter
863 2142 983 2177 verba
1016 2154 1087 2177 sua
1120 2141 1312 2177 blasfema
1348 2141 1420 2177 erit
1456 2141 1595 2177 melius

281 2208 378 2248 aput
417 2201 554 2243 deum;
594 2201 661 2235 sed
701 2199 840 2246 pocius
878 2198 1160 2235 incredulitate
1192 2200 1252 2235 vel
1293 2211 1488 2235 consensu
1526 2211 1594 2235 sue

281 2257 487 2294 blasfemie
521 2256 863 2293 contaminabitur
895 2265 991 2305 aput
1024 2258 1157 2292 deum.

351 2423 370 2442 ι.
397 2418 562 2449 utrumque
582 2413 704 2445 ABCE:
733 2414 770 2440 ib.
798 2413 920 2441 inflatos
946 2414 976 2441 in
1004 2422 1104 2450 marg.
1131 2414 1204 2441 add.
1232 2414 1274 2445 D;
1301 2414 1339 2440 ih.
1362 2418 1527 2449 pompatos
1548 2415 1592 2447 A;

281 2450 500 2484 pomponticos
526 2448 567 2482 C;
599 2448 757 2483 papaticos
784 2449 825 2482 D;
855 2450 1017 2484 popaticos
1044 2450 1076 2475 12.
1185 2457 1209 2476 2.
1237 2449 1274 2476 ad
1301 2449 1409 2476 merita
1435 2449 1594 2476 absolucio

281 2484 494 2519 promulgatur
513 2484 543 2510 in
563 2491 664 2519 marg.
685 2483 742 2518 inf.
765 2483 799 2511 C.
881 2491 903 2509 ε’.
926 2491 986 2510 non
1002 2491 1064 2519 pro
1085 2484 1130 2510 vel
1150 2484 1196 2514 A:
1223 2484 1260 2510 ib.
1283 2491 1362 2518 papa
1383 2491 1474 2518 preco
1495 2483 1593 2510 fidelis

280 2518 405 2552 quando
425 2519 455 2545 in
476 2526 578 2554 marg.
601 2518 634 2545 C.
692 2519 719 2545 6.
735 2518 765 2545 in
780 2518 867 2545 deest
880 2518 911 2545 B.
968 2517 995 2545 8.
1017 2526 1097 2553 papa
1118 2518 1213 2545 multa
1233 2526 1295 2545 non
1317 2522 1419 2553 potest
1438 2518 1468 2544 in
1489 2526 1592 2554 marg.

279 2561 343 2587 sup.
366 2552 400 2580 C.
475 2561 507 2580 11.
531 2553 648 2586 aperire
669 2552 732 2579 DE.
806 2551 843 2579 13.
866 2553 944 2580 ultra
965 2553 995 2579 in
1016 2561 1117 2588 marg.
1136 2560 1218 2580 corr.
1239 2552 1274 2580 E.
1349 2561 1390 2586 14.
1413 2553 1592 2588 angelorum

282 2592 459 2622 perpetuam
481 2587 543 2614 DE.
641 2586 677 2614 15.
724 2595 797 2627 rope
816 2589 854 2614 A.
946 2588 987 2615 16.
1010 2591 1124 2622 ptatem
1147 2587 1180 2615 C.
1273 2595 1312 2622 17.
1334 2591 1523 2614 contractam
1544 2587 1575 2614 in

280 2630 382 2658 marg.
403 2623 447 2655 A?
474 2626 663 2649 contractam
718 2632 724 2654 ;
752 2622 790 2648 th.
813 2621 849 2648 de
869 2630 929 2656 qua
949 2629 1032 2649 corr.
1054 2630 1091 2649 ex
1111 2630 1169 2656 que
1190 2621 1224 2648 D.
1317 2629 1359 2656 19.
1381 2621 1593 2656 indulgencias

280 2665 373 2691 quare
393 2664 454 2684 non
476 2656 561 2683 daret
576 2664 655 2691 papa
669 2656 699 2683 in
713 2664 813 2692 marg.
829 2656 887 2692 inf.
903 2656 938 2684 C.
1011 2664 1056 2683 20.
1078 2656 1147 2691 ipso
1168 2656 1209 2689 C;
1231 2656 1269 2683 ih.
1291 2656 1414 2690 ineptus
1435 2656 1593 2691 negligens

280 2691 420 2718 minister
445 2699 524 2725 papa
550 2691 580 2717 in
601 2698 703 2727 marg.
725 2691 782 2726 inf.
804 2690 838 2718 C.
947 2698 985 2717 21.
1012 2691 1193 2718 thezaurum
1220 2690 1289 2725 DE;
1317 2691 1354 2717 ib.
1384 2695 1412 2718 et
1437 2695 1594 2717 assecurat

279 2733 384 2753 omnes
403 2725 494 2753 MSS.
516 2726 553 2754 A.
610 2724 653 2752 23.
676 2726 758 2759 perie
778 2726 816 2752 A.
878 2733 925 2757 24.
941 2725 1079 2752 thezauri
1100 2725 1162 2752 DE.
1218 2725 1259 2753 25.
1282 2733 1374 2760 quam
1393 2733 1452 2760 pro
1474 2724 1533 2752 sibi
1553 2725 1591 2752 A.

278 2761 324 2788 26.
345 2760 528 2794 cuicumque
548 2759 582 2787 C.
638 2767 682 2795 27.
704 2760 881 2794 porcionem
903 2767 985 2787 corr.
1006 2768 1044 2786 ex
1064 2760 1239 2794 percionem
1260 2759 1294 2787 E.
1351 2759 1395 2787 28.
1417 2760 1593 2794 elemosyne

279 2795 366 2822 deest
383 2796 427 2827 A;
455 2803 523 2821 care
543 2795 710 2821 elemosine
731 2794 825 2828 CDE3
853 2795 890 2821 ih.
912 2794 1047 2829 recipere
1067 2796 1097 2821 in
1119 2802 1222 2829 marg.
1243 2794 1315 2821 add.
1338 2794 1373 2821 D.
1456 2801 1501 2828 29.
1524 2794 1592 2821 laici

278 2833 306 2856 et
326 2829 421 2856 eciam
444 2829 576 2864 religiosi
599 2829 770 2862 periculose
790 2829 1003 2856 lconsenciunt
1018 2829 1160 2856 ministro
1175 2829 1292 2856 luciferi
1306 2829 1337 2856 in
1352 2836 1453 2865 marg.
1468 2836 1534 2863 sup.
1551 2828 1591 2862 C;

278 2864 382 2899 laycus
402 2863 465 2891 DE.
539 2862 580 2891 33.
603 2864 802 2890 increduitate
822 2863 885 2891 CD.
