2067 3298
126 288 137 311 1
156 288 201 312 10
832 280 1055 312 JOHANNIS
1081 279 1266 311 WYCLIF
1538 275 1626 303 CAP.
1648 275 1714 303 vu.

158 398 267 439 *above
286 396 336 423 the
409 390 509 425 Cum
545 387 647 423 enim
682 386 812 423 omnis
845 384 1068 434 appellacio
1102 383 1205 432 sapit
1234 383 1480 429 civilitatem,
1515 396 1595 420 non
1618 384 1719 419 foret

143 431 369 494 Lshhuosffiffi'ffffiy
408 445 640 494 fugiendum
681 443 845 481 ecclesie
884 445 934 480 ad
972 442 1180 479 brachium
1221 442 1412 487 seculare,
1458 441 1533 477 nisi
1573 441 1718 489 ipsum,

162 509 250 528 secur
269 505 299 528 to
320 500 352 527 it.
408 513 451 540 ut
489 503 556 548 sic,
602 503 704 539 foret
742 501 924 550 superius
964 509 1005 536 ut
1043 509 1247 536 ostensum
1290 508 1346 535 est
1385 499 1425 535 in
1466 499 1634 535 materia
1676 500 1722 535 de

119 568 394 605 TheKing‚G0d's
409 574 514 612 rege.
555 562 633 597 Rex
667 559 773 596 enim
808 561 925 595 debet
958 570 1043 594 esse
1076 558 1137 594 dei
1169 557 1354 602 vicarius,
1389 566 1426 593 et
1459 570 1566 605 papa
1599 556 1718 593 Cristi

122 603 594 674 hgffiassgjssssgss¹33vicarius,
641 619 861 654 secundum
904 615 1185 664 Augustinurn,
1232 615 1271 651 in
1311 614 1467 662 signum
1509 616 1616 663 quod
1656 618 1753 651 rexS

131 674 375 742 Chtssffitffffsss’
410 679 526 713 debet
558 678 776 724 procedere
801 676 1022 712 secundum
1057 673 1231 710 divinam
1265 673 1507 721 potenciam,
1543 681 1580 709 et
1612 685 1720 721 papa

149 744 196 771 his
218 743 366 778 patience.
408 735 629 771 secundum
662 732 925 770 humanitatis
960 731 1078 769 Cristi
1110 730 1381 780 pacienciam3
1416 739 1453 767 et
1486 730 1541 767 sic
1570 730 1720 778 petitur

408 794 539 829 forum
585 791 781 840 superius,
827 790 938 827 cuius
987 799 1045 826 est
1089 802 1160 838 per
1200 788 1403 825 ministros
1449 801 1610 825 causam
1657 787 1720 824 dei

410 862 667 898 cognoscere.

199 917 318 944 ltwere
468 910 578 954 Item,
620 907 802 944 diabolus
839 905 959 943 nimis
998 913 1154 941 cecaret
1192 917 1316 953 reges,
1356 904 1387 941 si
1425 903 1596 941 vicarius
1629 916 1780 940 suus10

137 956 327 984 monstrous,
350 949 375 976 if
484 966 490 972 .
544 965 551 971 .
827 964 833 970 .
1194 962 1201 968 .

132 988 181 1014 the
202 986 258 1013 Kin
300 992 380 1011 were
411 974 640 1003 anticristus
684 972 942 1001 necessitaret
988 976 1055 1000 eos
1099 964 1148 999 ad
1193 963 1525 1000 incarcerandum
1565 974 1720 998 servum

121 1020 396 1091 ἰῃξὲῑιῗῗξὲὲθξηξζη
412 1023 545 1069 Cristi,
590 1023 667 1059 nisi
711 1024 881 1059 debeant
926 1034 1088 1058 causam
1135 1033 1389 1068 cognoscere,
1436 1020 1467 1056 si
1512 1033 1632 1056 causa
1675 1019 1724 1055 sit

192 1090 323 1129 without
412 1081 626 1129 legittima:
661 1080 755 1130 quia
778 1080 893 1117 aliter
914 1080 1223 1127 supponendum
1249 1088 1351 1115 esset
1374 1091 1441 1115 eos
1471 1078 1511 1114 in
1541 1079 1615 1114 hoc
1640 1089 1723 1114 esse

134 1126 279 1159 knowmg
300 1124 380 1160 why.
413 1139 693 1187 impeccabiles,
729 1147 765 1175 et
799 1138 1032 1186 magistrum
1067 1150 1183 1173 suum
1217 1136 1351 1173 extolli
1383 1149 1504 1185 supra
1528 1136 1720 1181 Cristum,

417 1199 512 1234 dum
552 1197 765 1233 licenciant
804 1198 853 1232 ad
893 1196 1119 1231 ducendum
1160 1195 1295 1231 fideles
1340 1207 1410 1243 per
1443 1194 1562 1231 aliam
1601 1193 1720 1238 viam,
1744 1198 1779 1230 15

122 1264 209 1291 Thus
230 1263 300 1299 they
315 1267 397 1289 must
412 1269 533 1304 quarn
554 1255 708 1292 Cristus
727 1253 955 1303 principiat.
980 1254 1148 1301 Oportet
1173 1265 1266 1300 ergo
1290 1265 1334 1289 ex
1352 1252 1429 1288 fide
1453 1253 1559 1301 quod
1575 1264 1722 1299 cogno-

125 1299 216 1325 know
231 1299 313 1325 what
328 1298 397 1334 they
1209 1311 1216 1316 .
1365 1310 1371 1316 .
1532 1309 1539 1315 .
1649 1310 1655 1315 .

160 1333 210 1367 <102
232 1341 266 1359 or
287 1333 356 1368 they
414 1322 526 1350 scant
559 1325 721 1350 causam
755 1325 828 1360 pro
861 1324 940 1359 qua
980 1312 1150 1348 debeant
1187 1323 1243 1347 slc
1276 1322 1433 1358 punire,
1474 1323 1568 1358 qula
1607 1310 1722 1346 aliter

152 1367 367 1437 {uiridiyiugffi
414 1384 504 1408 cece
544 1371 630 1407 sine
669 1370 819 1406 noticia
857 1369 1033 1405 veritatis
1072 1372 1163 1417 (que
1203 1368 1357 1405 Cristus
1397 1370 1485 1416 est),
1534 1369 1723 1404 deberent

126 1437 206 1464 their
226 1437 301 1471 duty
322 1437 348 1463 is
367 1441 398 1463 to
414 1430 548 1466 ledere
587 1438 757 1465 matrem
802 1440 935 1464 suam:
981 1428 1090 1475 quod
1135 1435 1193 1462 est
1239 1426 1450 1465 manifesta
1495 1425 1722 1469 blasfemia;

147 1472 213 1506 give
256 1479 325 1498 eace
345 1475 375 1497 to
1182 1484 1188 1490 .
1235 1484 1242 1490 .
1602 1483 1608 1489 .

135 1507 185 1533 the
206 1506 229 1533 C
256 1506 340 1533 urch.
362 1506 387 1532 It
414 1489 559 1524 debent
592 1499 685 1534 ergo
718 1486 938 1522 secundum
972 1485 1099 1532 legem
1125 1486 1245 1521 Crlsti
1278 1496 1520 1532 cognoscere
1543 1485 1640 1532 quid
1665 1492 1722 1520 est
1740 1497 1781 1518 20

124 1540 399 1576 followsthatthey
413 1545 509 1581 utile
544 1544 662 1581 matri
685 1556 766 1590 sue,
801 1543 957 1579 dicente
979 1542 1215 1590 Augustino,
1250 1555 1337 1590 sup.
1361 1543 1448 1580 Job.
1483 1541 1630 1578 omelia
1661 1554 1721 1577 11:

178 1584 347 1644 51111πῖ1ῗέ15,
414 1604 627 1639 “Intendat
667 1601 813 1639 caritas
845 1610 975 1638 vestra
1015 1600 1110 1648 quid
1145 1600 1297 1645 dicam3
1338 1600 1432 1649 quia
1471 1599 1643 1648 pertinet
1675 1600 1725 1636 ad

414 1674 525 1709 reges
544 1660 667 1697 seculi
687 1659 912 1705 cristianos,
931 1667 975 1695 ut
992 1658 1244 1706 temporibus
1269 1658 1350 1695 suis
1369 1667 1555 1706 pacatam
1575 1657 1725 1694 faciant

412 1732 525 1755 suam
561 1717 770 1755 ecclesiam
805 1719 910 1754 unde
943 1716 1205 1765 spiritualiter
1243 1716 1325 1752 nati
1357 1716 1489 1754 sunt.''
1533 1717 1637 1761 Ideo,
1683 1724 1724 1751 ut

413 1790 506 1825 sepe
546 1776 637 1819 dixi,
678 1789 749 1824 per
787 1776 1008 1812 secularem
1043 1774 1274 1823 potenciam
1309 1776 1527 1811 secundum
1561 1786 1723 1810 causam
1742 1777 1781 1808 25

414 1835 569 1872 civilem
610 1835 755 1871 debent
794 1834 1013 1870 secundum
1053 1833 1180 1880 legem
1221 1831 1340 1868 Cristi
1380 1844 1516 1880 regere
1555 1841 1724 1868 matrem

413 1906 540 1938 suam,
565 1901 602 1928 et
625 1901 716 1928 sunt
739 1901 781 1928 ut
804 1891 1044 1939 superiores,
1067 1890 1235 1926 subditis
1266 1890 1393 1926 eciam
1417 1890 1724 1938 quibuscunque

416 1950 648 1999 presbiteris
682 1949 738 1986 sic
771 1949 929 1986 adiutis.

165 2016 223 2042 and
246 2015 355 2042 should
472 2010 533 2045 Ad
566 2008 653 2044 illos
686 2007 806 2055 igitur
839 2008 984 2043 debent
1018 2005 1194 2054 episcopi
1217 2006 1438 2054 appellare,
1473 2014 1509 2042 et
1532 2005 1563 2041 si
1588 2005 1628 2041 in
1652 2005 1726 2040 hoc

154 2050 365 2119 Βίᾞῗὲξςᾞὲό
417 2066 566 2103 inventi
590 2065 736 2103 fuerint
758 2065 987 2113 proditores
1020 2064 1121 2112 regis
1157 2073 1193 2100 et
1226 2063 1348 2112 regni,
1374 2065 1518 2100 debent
1541 2063 1727 2100 accucius
1743 2067 1784 2099 30

135 2119 390 2189 COffdgfflfgyssffiffl
417 2137 538 2172 quam
572 2137 645 2172 pro
679 2123 757 2160 alia
790 2122 1026 2171 prodicione
1058 2121 1344 2170 temporalium
1380 2121 1587 2169 castigari,
1633 2121 1727 2169 quia

187 2189 340 2224 spiritual,
417 2183 593 2230 produnt
626 2183 775 2218 nedum
810 2193 956 2229 corpus
989 2193 1011 2217 a
1043 2179 1258 2228 temporali
1298 2191 1433 2227 regno,
1474 2180 1542 2216 sed
1582 2191 1727 2227 corpus

159 2224 372 2285 ἳζιὲῗὲᾎιῗῃζῗῖ
418 2249 455 2276 et
489 2240 681 2286 animam,
722 2248 916 2287 quantum
950 2238 991 2274 in
1030 2237 1084 2274 eis
1124 2247 1195 2282 est,
1235 2238 1459 2285 dampnant
1498 2237 1727 2274 evidencius

191 2293 340 2355 Ῐῑᾙῑζζξῇι
418 2299 466 2334 ad
500 2297 712 2334 infernum.
748 2298 825 2333 Sed
858 2297 1037 2333 defectus
1070 2295 1162 2332 fidei
1198 2304 1255 2332 est
1288 2308 1408 2332 causa
1442 2308 1566 2343 quare
1589 2304 1727 2343 paten-

418 2356 520 2392 ciam
555 2355 668 2391 istius
700 2354 868 2403 periculi
899 2367 980 2391 non
1013 2355 1238 2391 attendunt.
1745 2369 1783 2390 ,υ

485 2515 514 2540 4.
534 2505 677 2534 vicarius
698 2505 745 2533 dei
766 2510 793 2532 et
814 2505 908 2533 Cristi
929 2505 979 2540 qui
1002 2509 1071 2532 sunt
1091 2505 1120 2532 in
1141 2512 1243 2541 marg.
1272 2505 1310 2532 A.
1419 2506 1446 2532 (3.
1475 2504 1636 2537 precedere
1665 2504 1727 2531 AB.

417 2546 444 2573 8.
467 2555 538 2581 pars
554 2554 614 2581 pro
636 2554 689 2580 per
708 2546 771 2573 AB.
850 2546 877 2579 8,
900 2553 927 2580 ς).
949 2553 1133 2581 cognoscere
1154 2543 1187 2572 ιῖῐ
1207 2545 1253 2572 dei
1276 2545 1309 2572 C.
1396 2552 1424 2580 9.
1450 2546 1480 2577 7·
1494 2545 1523 2572 in
1544 2546 1599 2571 red
1617 2545 1671 2571 inlr
1689 2545 1727 2571 A.

419 2581 456 2609 15.
486 2581 625 2608 licenciat
645 2580 679 2608 C.
754 2581 794 2607 16.
822 2580 914 2615 igitur
935 2580 970 2607 C.
1043 2588 1089 2607 20.
1118 2580 1211 2615 igitur
1231 2579 1265 2607 C.
1340 2587 1378 2607 21.
1407 2588 1474 2607 5111.
1496 2579 1562 2606 soh.
1585 2580 1671 2606 deest
1690 2580 1727 2606 A.

418 2615 460 2643 23.
495 2621 650 2647 paccatum
684 2615 718 2641 (ζ.
826 2622 870 2649 27.
904 2620 935 2642 ut
964 2615 1051 2642 deest
1080 2616 1125 2648 A;
1159 2619 1190 2642 ut
1224 2615 1267 2641 sle
1300 2615 1333 2641 C.
1462 2622 1488 2641 o.
1524 2614 1663 2649 regimini
1690 2615 1727 2640 A.

418 2649 464 2684 34,
486 2649 526 2678 35.
550 2649 721 2685 potenciam
744 2651 782 2676 A.

490 2743 543 2764 21.
570 2735 658 2774 Aug.
686 2734 721 2763 Iu
747 2734 800 2764 Jo.
827 2733 941 2764 Tract.
968 2733 1022 2772 XI,
1049 2743 1077 2764 c.
1109 2743 1147 2773 14
1173 2734 1315 2774 (Migne,
1342 2740 1364 2763 t.
1393 2733 1444 2771 35,
1471 2743 1504 2774 p.
1528 2732 1640 2773 1483).
