2067 3298
218 238 291 273 136
935 245 1157 276 JOHANNIS
1183 244 1368 275 WVCLIF
1647 240 1734 267 (ςΑι).
1757 240 1806 266 ix.

279 359 412 386 ,Ins-wer.
504 353 610 399 quod
643 352 771 387 solum
807 363 925 399 super
959 351 1145 398 operibus
1179 349 1456 397 corporalibus
1487 350 1547 385 vel
1581 349 1807 385 extrinsecis

227 393 382 463 qulifalffi
398 393 469 454 2>eg
503 411 550 445 ab
596 409 748 445 actibus
793 408 1019 446 voluntatis.
1075 407 1267 444 Confiteri
1312 416 1445 443 autem
1487 416 1543 443 est
1584 416 1696 443 actus
1742 419 1808 443 vo-

236 463 461 524 ῡχῑᾷῖξὲζςὲξῑὲτ
503 466 624 502 luntis
662 467 788 515 magis
824 479 944 515 quam
982 467 1156 502 credere.
1203 466 1280 501 Sed
1320 467 1367 501 de
1399 464 1486 513 ipso
1520 466 1680 501 credere
1714 464 1808 500 dicit

238 532 413 560 confession
435 531 459 558 is
502 525 761 572 Augustinus,
807 536 925 572 super
962 525 1048 560 Joh.
1083 523 1219 560 omilie
1261 524 1327 567 26,
1374 524 1480 570 quod
1519 534 1638 558 nemo
1677 531 1808 570 potest

219 575 364 628 Πῂῗζοχχῖξῇ
384 568 677 628 ῗιξξξΐεῑεᾶεῑε,
723 583 798 618 nisi
831 582 985 618 volens:
1031 594 1124 629 ergo
1160 581 1285 617 multo
1326 580 1452 628 magis
1490 592 1564 616 nec
1604 580 1838 616 meritorief)

222 636 414 698 Fqitff'sslifflgt
436 670 469 695 be
503 639 697 677 confiteri.
722 643 770 676 Et
793 639 974 688 quamvis
994 639 1199 687 apostolus
1223 638 1332 684 dicit,
1358 640 1652 674 Romanorum:
1682 638 1810 674 Corde
1844 631 1945 662 Rom.

212 688 289 732 istie:
311 713 329 731 a
347 704 483 743 furtim-z·
502 698 676 734 creditur
708 699 759 733 ad
792 698 994 740 iusticiam,
1028 709 1095 733 ore
1126 704 1253 732 autem
1264 697 1318 746 fit
1349 697 1537 745 confessio
1560 697 1611 731 ad
1633 697 1806 739 salutem,
1842 678 1881 716 X’
1908 688 1945 707 ¹⁰

252 740 440 767 confessmn.
501 764 636 792 tamen
661 755 957 803 [irlreligiosum
982 755 1083 791 foret
1108 766 1249 802 cogere
1273 754 1478 790 hominem
1502 754 1694 790 vocaliter
1718 766 1806 790 con-

221 820 288 848 Men
310 820 419 847 should
445 820 478 846 be
505 813 617 849 fiteri.
653 813 859 850 Confessio
893 812 1013 860 igitur
1046 814 1162 848 debet
1195 812 1331 848 induci
1364 824 1434 860 per
1466 821 1644 848 sanctam
1679 811 1807 860 predi-

242 854 385 889 iudrmcd,
407 859 458 881 not
578 871 584 876 .
794 871 800 876 .
1279 870 1286 876 ,

265 890 433 923 1'01·ce.;l‚to
504 884 724 917 damonem,
773 880 874 907 Sicut
906 871 1086 907 fecerunt
1118 871 1302 918 apostoli,
1352 879 1388 906 et
1426 883 1504 906 non
1544 883 1615 918 per
1647 871 1807 906 stultam
1828 885 1865 905 10

283 925 416 951 confess.
504 929 776 975 coaccionem⁷
810 929 912 965 sicut
935 929 1113 965 fecerunt
1145 927 1296 976 posteri
1328 928 1420 964 fidei
1450 928 1645 976 scripture
1669 927 1808 976 ignari.

254 995 299 1021 As
320 992 445 1032 regards
561 987 708 1023 Habito
732 987 866 1035 itaque
882 999 1002 1035 super
1017 986 1161 1035 quibus
1185 986 1373 1034 operibus
1393 985 1499 1022 cadit
1516 986 1691 1031 maccio,
1717 985 1811 1034 quia

232 1032 462 1098 ξόῖἷξζῙῇξαζῘξῤ
503 1057 621 1092 super
654 1045 843 1093 operibus
877 1053 984 1081 extra
1006 1045 1267 1091 voluntatem,
1301 1056 1378 1092 que
1411 1052 1501 1079 sunt
1524 1044 1728 1080 inductiva
1762 1044 1810 1080 ad

212 1097 481 1168 Ῑῇξξῆξζῇξτᾶῗιῑξ]
502 1102 623 1139 vitam
670 1103 939 1139 meritoriam:
983 1102 1200 1139 videndum
1241 1111 1298 1138 est
1331 1101 1511 1147 ulterius,
1558 1102 1625 1150 qui
1667 1103 1811 1138 debent

247 1168 280 1194 of
297 1167 448 1201 tempora!
503 1161 557 1197 sic
583 1173 734 1209 cogere.
772 1163 819 1197 Et
843 1169 1000 1197 constat
1033 1162 1142 1209 quod
1171 1160 1324 1196 domini
1359 1161 1614 1208 temporales,
1637 1169 1679 1196 ut
1702 1169 1811 1208 patet
1832 1165 1867 1196 15

215 1241 266 1264 not
284 1203 486 1271 Olfoffles'pwe.
503 1231 547 1255 ex
580 1220 740 1255 decreto
772 1218 933 1255 Ysidori
967 1219 1015 1254 23
1053 1232 1088 1267 q.
1127 1220 1160 1254 5.
1195 1218 1406 1267 Principes.
1442 1217 1548 1263 Quid
1584 1230 1676 1266 ergo
1709 1230 1812 1266 pape

503 1286 540 1313 et
585 1277 661 1324 legi
707 1276 915 1313 mandanti
954 1278 1062 1324 quod
1102 1276 1271 1324 quilibet
1310 1276 1550 1312 confiteatur
1588 1278 1660 1312 sub
1704 1275 1812 1323 gravi

503 1347 605 1383 pena
638 1334 803 1383 proprio
836 1335 1059 1371 sacerdoti?
1091 1337 1193 1371 Nam
1228 1335 1353 1370 multa
1388 1334 1496 1370 milia
1530 1334 1812 1370 cristianorum

504 1394 671 1429 credunt
716 1395 823 1441 quod
869 1392 952 1429 sine
997 1394 1073 1428 hoc
1117 1405 1197 1429 non
1245 1400 1412 1439 possunt
1451 1392 1614 1439 salvari3
1664 1400 1700 1428 et
1745 1391 1813 1437 sic,

271 1445 348 1473 This
369 1446 428 1472 ΙΝ
503 1460 670 1499 propter
702 1450 921 1487 sacerdotis
954 1450 1156 1487 maliciam
1192 1459 1228 1486 et
1251 1450 1347 1498 legis
1370 1449 1639 1498 iniquitatem,
1674 1451 1812 1498 despe-
1831 1464 1873 1485 20

232 1481 358 1508 reduces
380 1488 471 1515 many

215 1520 245 1542 to
267 1515 400 1550 despair,
423 1515 482 1541 and
504 1518 605 1554 rant,
640 1521 720 1545 non
744 1511 818 1545 deo
842 1508 1067 1556 penitencia
1099 1508 1305 1544 salutifera
1339 1507 1595 1555 confitentes;
1629 1518 1665 1544 et
1699 1507 1815 1543 multi

245 1550 456 1611 ¹³¹²g1¹233f31⁰gstehe
504 1566 765 1615 predestinati
811 1579 854 1603 ex
897 1566 973 1603 ista
1016 1567 1102 1614 lege
1147 1566 1335 1614 pestifera
1382 1575 1472 1602 sunt
1516 1566 1674 1602 tardati.
1727 1567 1812 1611 Que

249 1619 447 1690 htiiigisssigaif
504 1624 624 1672 igitur
668 1624 777 1661 racio
824 1626 873 1660 ad
922 1624 1207 1672 captivandum
1248 1624 1444 1672 populum
1485 1624 1595 1671 prius
1640 1624 1812 1660 liberum

246 1700 313 1728 The
334 1700 403 1727 Man
425 1700 460 1727 of
504 1692 548 1718 ut
581 1682 636 1719 sic
669 1682 900 1730 contagiose
934 1682 1162 1719 comunicet
1195 1695 1285 1718 cum
1317 1683 1499 1718 membro
1530 1682 1703 1718 diaboli?
1736 1683 1813 1718 Sed

224 1735 481 1797 coxitifisdilcstshihe
506 1740 607 1776 sicut
642 1743 764 1777 homo
788 1740 944 1788 peccati
978 1740 1303 1777 contrariabatur
1325 1739 1483 1788 spiritui
1507 1749 1646 1776 sancto
1680 1739 1719 1776 in
1743 1752 1813 1776 suo

250 1805 331 1840 Holy
353 1804 453 1832 Ghost
506 1799 705 1846 apostolo,
741 1800 909 1834 docente
933 1800 1042 1846 quod
1059 1799 1173 1848 panis
1196 1810 1303 1847 quem
1317 1798 1552 1848 frangimus
1581 1795 1584 1850 l
1613 1798 1662 1834 sit
1684 1810 1816 1834 sacra-

257 1840 449 1909 ξξοῖ-ᾞᾏῚὲξῇ,
508 1866 686 1893 mentum
721 1856 954 1903 eukaristie3
988 1856 1072 1904 ipse
1105 1865 1253 1902 autem,
1288 1857 1359 1892 sub
1384 1868 1487 1904 pena
1511 1855 1815 1904 dampnacionis

508 1915 693 1961 heretice,
728 1916 894 1951 mandat
926 1915 1033 1950 scole
1066 1926 1135 1950 sue
1169 1914 1352 1950 confiteri
1385 1913 1614 1962 oppositum
1651 1913 1816 1959 (scilicet

508 1974 615 2021 quod
648 1973 745 2008 illud
778 1981 1075 2008 sacramentum
1108 1984 1190 2008 non
1223 1971 1272 2008 sit
1296 1972 1409 2020 panis
1441 1973 1510 2008 sed
1544 1971 1740 2016 accidens,
1775 1980 1818 2007 ut

216 2026 405 2088 ῖῖἷζῑὲῑξδῑῑῐῑέ
423 2025 485 2087 gil?
508 2031 673 2078 fingunt,
699 2032 746 2066 de
761 2042 903 2078 genere
920 2030 1190 2078 quantitatis);
1214 2030 1270 2066 sic
1293 2029 1453 2078 spiritus
1476 2039 1636 2066 sanctus
1654 2031 1816 2066 mandat
1834 2036 1875 2068 ‘30

240 2096 349 2123 libertv
368 2095 468 2122 which
507 2088 547 2124 in
580 2088 743 2125 comuni
776 2089 1053 2136 apostolorum
1078 2087 1256 2133 consilio,
1290 2089 1376 2124 Act.
1408 2089 1468 2134 15,
1503 2090 1610 2136 quod
1642 2087 1817 2135 religiosi

259 2131 308 2157 tlic
328 2124 448 2158 faithful
558 2146 564 2151 -
840 2146 846 2151 .
1200 2145 1205 2150 .
1231 2145 1237 2151 .
1394 2145 1400 2151 .
1563 2145 1569 2150 .
1761 2145 1767 2150 .

237 2166 346 2193 should
368 2164 466 2201 enjoy.
507 2160 566 2182 sui
590 2148 802 2183 observent
823 2147 1048 2182 libertatem
1075 2155 1110 2182 et
1132 2146 1366 2182 facilitatem
1392 2158 1431 2181 m
1455 2158 1531 2193 qua
1562 2158 1646 2193 ipse
1670 2158 1736 2182 eos
1759 2158 1817 2181 m-

505 2204 645 2240 stituit.
676 2206 752 2240 Sed
776 2204 1004 2240 anticristus
1028 2203 1202 2252 captivat
1226 2216 1291 2239 eos
1314 2216 1384 2251 per
1406 2204 1533 2251 legem
1558 2204 1815 2249 contrariam,

506 2271 548 2298 ut
586 2262 763 2298 verificet
802 2263 952 2298 dictum
997 2261 1182 2309 apostoli,
1215 2261 1394 2297 Thessal.
1431 2265 1489 2307 20,
1531 2262 1578 2297 de
1612 2261 1817 2298 anticristo

507 2321 806 2368 prophetatum,
848 2322 955 2368 quod
995 2319 1196 2356 extollitur
1227 2331 1346 2367 super
1380 2331 1498 2355 omne
1531 2321 1639 2367 quod
1673 2319 1873 2357 dicitur35

508 2379 616 2413 deus.
651 2379 836 2414 Condant
859 2377 980 2425 igitur
1002 2378 1108 2426 leges
1131 2389 1243 2414 veras
1267 2376 1467 2424 inplicitas
1496 2377 1536 2412 in
1559 2389 1672 2414 sacra
1695 2377 1817 2425 scrip-

508 2444 609 2481 tura,
634 2437 694 2472 vel
718 2436 859 2472 melius
881 2437 985 2483 leges
1003 2435 1139 2472 vitales
1163 2435 1201 2470 in
1226 2434 1312 2482 ipsa
1336 2434 1539 2482 explicitas
1559 2445 1815 2484 exequantur.

1832 1754 1848 1775 to

1857 1803 1872 1835 ’.ιι
1856 1744 1872 1776 ’ω

1880 1803 1893 1835 ,.,

580 2615 599 2633 1.
620 2606 766 2641 operibus
781 2609 866 2634 thce
879 2608 917 2634 A.
973 2614 998 2634 2.
1021 2612 1072 2635 aut
1092 2608 1130 2635 A.
1186 2607 1212 2634 8.
1230 2608 1407 2643 religiosum
1423 2616 1525 2635 omnes
1541 2607 1630 2635 MSS.
1688 2616 1715 2642 ς).
1738 2608 1819 2636 Cou-

508 2648 608 2673 fcssor
622 2647 661 2673 A.
718 2646 949 2680 12‚13.cadit—
961 2648 1106 2682 operibus
1120 2648 1204 2675 deest
1216 2647 1251 2676 C.
1309 2657 1347 2684 17.
1364 2649 1427 2684 lege
1442 2648 1474 2675 Β.
1532 2647 1574 2676 23.
1591 2643 1764 2683 capticiuffffl
1779 2650 1817 2676 A.

509 2686 555 2721 34.
583 2695 597 2714 2
618 2687 728 2714 Thess.
752 2688 784 2715 Β.
858 2687 904 2715 36.
933 2688 1054 2716 Condat
1075 2688 1108 2716 C.

578 2771 701 2802 8—10.
728 2772 815 2802 Note
842 2772 938 2803 these
964 2779 1035 2803 two
1062 2773 1163 2803 lines:
1197 2772 1277 2815 they
1310 2773 1447 2804 contaiu
1479 2772 1535 2804 the
1569 2773 1662 2804 chief
1683 2774 1816 2815 ground

510 2817 563 2847 for
578 2817 736 2859 Wyclif’s
755 2818 929 2857 objectiou
954 2826 988 2848 to
1014 2818 1071 2849 the
1090 2828 1198 2849 canon
1220 2819 1333 2850 omnis
1352 2819 1542 2860 utriusque.
1643 2819 1692 2850 16.
1719 2820 1818 2850 Decr.

512 2864 603 2894 Grat.
633 2868 665 2894 2²¹
692 2864 784 2903 Pars,
813 2866 855 2895 Ca
879 2865 996 2904 XXIII,
1024 2875 1081 2906 qu.
1110 2864 1138 2903 5,
1167 2875 1193 2895 c.
1223 2875 1274 2896 20.
