2067 3298
308 246 396 274 cm).
420 245 456 273 v.
773 247 832 279 DE
860 247 1167 278 BIASPHEMIA.
1858 242 1909 288 69

306 357 415 404 quod
439 357 486 391 de
510 355 590 391 suis
613 353 842 391 elemosinis
861 353 1138 401 corporalibus
1154 354 1247 390 vivit
1263 363 1392 391 totum
1411 354 1619 391 brachium
1707 363 1855 402 Chris-rs·

305 414 496 450 seculare.
543 415 591 448 Et
624 412 692 458 sic,
732 411 797 448 ubi
832 412 872 448 in
905 411 1133 448 sinceritate
1172 421 1209 448 et
1241 412 1407 449 veritate
1446 421 1503 449 est
1536 421 1621 449 tota
1667 399 1874 479 ffssfsfftywli't'ss

305 470 563 508 conversacio
596 470 730 513 Cristi,
782 469 822 505 in
860 469 1065 517 yppocrisi
1106 479 1142 506 et
1182 470 1393 507 mendacio
1433 479 1491 507 est
1535 479 1620 507 tota
1647 466 1894 495 Christstruth.

305 528 563 566 conversacio
596 528 804 565 anticristi.
840 527 992 564 Cristus
1026 528 1131 564 enim
1164 528 1258 565 vixit
1287 529 1407 565 vitam
1433 528 1619 577 pauperi-

271 589 426 630 5mam,
471 600 552 623 non
600 587 749 623 habens
797 585 1075 634 temporaliter
1115 587 1340 634 proprium,
1386 586 1452 623 ubi
1501 595 1620 634 caput

303 658 417 681 suum
465 645 645 691 reclinet,
690 653 733 680 ut
777 644 840 680 hic
888 644 1143 692 supponitur.
1195 644 1438 681 Anticristus
1486 653 1619 681 autem

304 703 495 752 supponit
535 716 575 739 se
615 702 823 739 dominum
869 702 995 748 orbis3
1042 712 1079 738 et
1125 711 1278 739 certum
1325 712 1381 739 est
1426 704 1534 751 quod
1579 703 1619 738 in

157 786 263 818 Matth
302 762 475 798 falsitate
516 760 728 805 mendacii,
775 760 867 809 quia
908 760 939 796 si
979 761 1076 796 illud
1121 761 1180 796 ius
1226 761 1416 809 possidet,
1463 769 1620 797 constat

155 811 281 873 1V‚8‚‹i
303 821 410 868 quod
468 819 584 856 titulo
644 820 810 855 sathane
866 820 927 864 (40
981 819 1124 865 Math.)
1179 819 1311 855 Cristo
1371 819 1619 855 mendaciter
1650 826 1696 864 Hp
1717 826 1742 853 is
1764 826 1813 853 the
1834 834 1890 853 son

249 873 575 925 1opromittentis
620 879 727 925 quod
775 877 900 913 onznia
947 889 1069 927 regna
1114 877 1248 912 mnndi
1295 877 1369 913 sibi
1414 878 1539 923 daret,
1586 878 1621 914 si
1644 861 1901 923 gjfffissnxsssslffd

301 937 443 972 cadens
474 936 605 983 ipsum
640 936 847 971 adoraret:
899 936 1007 982 quod
1052 935 1145 971 facit
1184 935 1414 971 anticristus
1447 935 1614 971 totidem
1661 931 1822 993 hbiffiqflffig
1843 936 1877 994 taos

300 994 452 1030 vicibus
500 1002 598 1041 quot
642 994 769 1041 legem
815 994 981 1029 sathane
1033 1001 1070 1029 et
1122 995 1338 1029 comodum
1392 994 1616 1041 temporale
1641 1002 1716 1028 such
1736 988 1775 1028 'he
1796 1002 1897 1037 reigns

299 1051 458 1088 veritati
483 1051 601 1088 Cristi
635 1052 918 1098 preponderat.
952 1053 1032 1087 Nec
1057 1051 1221 1087 dubium
1248 1051 1344 1099 quin
1369 1052 1617 1088 mendaciter
1638 1036 1814 1105 ωξΐῗῐεᾎξε
1826 1037 1901 1098 iffi-⁵²

301 1119 338 1146 et
371 1110 562 1146 blasfeme
602 1109 706 1145 istud
747 1121 914 1157 regnum
958 1118 1199 1157 occupatur,
1247 1110 1341 1157 quia
1379 1110 1496 1146 titulo
1536 1123 1615 1158 quo
1650 1105 1888 1168 leffgffffixjffich

247 1168 375 1204 15ista
397 1167 596 1216 possessio
628 1168 731 1203 foret
764 1166 1034 1215 patrocinium
1070 1167 1262 1211 crucifixi,
1298 1167 1365 1216 qui
1398 1167 1454 1204 sic
1483 1168 1616 1205 vivens
1667 1175 1703 1201 he
1724 1162 1778 1202 ha’s
1800 1176 1872 1210 long

300 1226 593 1274 possessionem
629 1225 747 1261 talem
784 1225 954 1261 contulit
988 1225 1195 1261 anticristo
1227 1225 1378 1262 vicario
1411 1227 1501 1262 suo!
1549 1228 1616 1262 Est
1656 1210 1762 1237 ceased
1786 1214 1815 1237 to
1836 1210 1888 1237 ‘³⁰'

300 1284 426 1320 eciam
461 1283 692 1320 anticristus
725 1292 934 1331 tamquam
971 1282 1074 1319 filius
1108 1285 1274 1320 sathane
1308 1284 1382 1320 sihi
1415 1284 1490 1333 ipsi
1525 1297 1617 1320 con-

298 1342 459 1389 trarius,
495 1342 589 1390 quia
612 1354 633 1378 a
657 1341 788 1378 Cristo
822 1355 901 1378 non
926 1340 1072 1389 poterit
1096 1351 1230 1378 tenere
1254 1342 1351 1378 illud
1376 1342 1615 1388 dominium,

297 1400 387 1441 nisi,
421 1401 617 1437 servando
650 1400 776 1447 legem
812 1412 939 1444 suam,
975 1400 1075 1435 foret
1109 1399 1323 1448 precipuus
1356 1413 1504 1449 sequax
1537 1400 1615 1437 vite

241 1470 282 1491 20
298 1458 432 1495 Cristi.
476 1460 510 1494 A
543 1470 622 1506 quo
656 1470 745 1494 curn
786 1457 881 1493 olim
917 1458 1164 1504 forefaceret,
1204 1467 1312 1506 patet
1353 1472 1472 1507 quam
1514 1458 1614 1495 iuste

297 1516 471 1564 perdidit
510 1515 670 1551 titulum
711 1517 845 1564 quoad
886 1515 1074 1552 Cristum.
1124 1518 1172 1551 Et
1212 1529 1301 1552 cum
1343 1517 1536 1553 diffitetur
1574 1529 1615 1553 se

298 1575 446 1611 habere
493 1574 591 1610 illud
637 1587 659 1610 a
704 1573 954 1622 principibus
999 1574 1122 1610 seculi
1167 1588 1239 1622 pro
1290 1575 1458 1611 servicio
1504 1576 1614 1623 quod

297 1633 450 1669 Cristus
470 1641 506 1668 et
525 1633 723 1668 seculares
748 1631 901 1668 domini
924 1631 1163 1678 limitarunt,
1180 1646 1260 1669 non
1279 1642 1459 1681 superest
1479 1646 1499 1669 a
1520 1646 1612 1682 quo,

296 1690 371 1726 nisi
396 1703 417 1727 a
440 1691 622 1735 sathana,
654 1689 856 1738 possideat
889 1702 1055 1738 regnum
1091 1690 1212 1727 istud.
1247 1693 1294 1726 Et
1317 1691 1520 1728 verificata
1556 1700 1614 1728 est

240 1750 279 1783 25
296 1748 515 1797 prophecia
531 1747 702 1796 apostoli
720 1752 762 1784 2²1
791 1749 910 1784 tessal
935 1752 993 1786 20.
1025 1748 1141 1798 Quod
1162 1749 1386 1785 anticristus
1409 1750 1615 1786 extollitur

145 1795 412 1863 ²”1s1h‘353'super
443 1819 553 1842 omne
584 1807 685 1855 qnod
717 1807 859 1842 dicitur
891 1807 994 1842 deus.

146 1842 267 1910 Maith.
354 1865 430 1901 Sed
459 1864 689 1900 consolacio
724 1873 782 1901 est
815 1864 854 1900 in
879 1863 1011 1901 Cristo
1036 1864 1208 1911 dicente,
1243 1866 1367 1901 Math.
1400 1876 1460 1902 12.
1492 1866 1613 1902 Omne
1691 1874 1762 1912 'But
1783 1873 1843 1912 his·

142 1925 265 1964 X11‚25
296 1935 459 1973 regnum
485 1930 619 1958 contra
642 1934 681 1958 se
704 1923 867 1958 divisum
893 1923 1142 1958 desolabitur.
1178 1923 1232 1969 Si,
1255 1923 1398 1971 inquit,
1428 1925 1612 1960 sathanas
1651 1909 1885 1978 ςξιῐὲᾖῗὲᾞοιέη

294 1982 495 2016 sathanam
541 1980 637 2025 eicit,
682 1981 872 2016 adversus
909 1993 949 2016 se
991 1981 1136 2017 divisus
1173 1988 1240 2024 est,
1285 1982 1474 2029 quomodo
1514 1994 1611 2032 ergo
1657 1978 1873 2040 ξῖἓῗνῒὲξνίῑὲἐὲ

239 2039 408 2074 3ostahit
437 2051 601 2089 regnum
641 2039 752 2074 eius?
796 2039 947 2074 Sathan
987 2038 1092 2074 enim
1133 2038 1200 2087 qui
1240 2040 1460 2075 secundum
1500 2039 1608 2075 Ysid.
1649 2047 1878 2086 against'itselt)

293 2105 461 2133 vocatur
506 2097 751 2142 adversator,
792 2105 923 2144 potest
964 2096 1043 2132 dici
1083 2096 1212 2133 dictus
1246 2097 1478 2133 anticristus
1518 2110 1608 2133 cum
1626 2082 1902 2147 Ξῇῗὲειξῖξνὲὲξε

295 2154 374 2190 suis
411 2154 614 2200 membris,
657 2154 723 2202 qui
757 2156 994 2190 adversatur
1027 2156 1114 2199 deo,
1156 2154 1309 2190 homini
1344 2164 1380 2191 et
1412 2155 1487 2191 sibi
1521 2155 1608 2203 ipsi.
1628 2148 1900 2214 qffffddfoliiriiiseclii‘·

294 2214 342 2248 Et
382 2225 471 2248 cum
511 2221 714 2248 terrenum
755 2225 922 2260 regnum
962 2212 1139 2248 inficitur
1172 2213 1247 2249 ista
1280 2214 1382 2259 labe,
1418 2223 1454 2249 et
1489 2225 1609 2261 regna
1626 2204 1691 2248 ‘and
1713 2209 1900 2260 devils-cast*

293 2279 375 2306 tam
409 2270 567 2318 spissim
608 2269 819 2318 insurgunt
859 2272 1048 2307 adversus
1088 2283 1225 2318 regna,
1270 2279 1379 2319 patet
1419 2272 1610 2320 quomodo
1673 2256 1854 2284 outdevns.

142 2333 203 2371 42a
237 2330 277 2363 35
293 2329 429 2364 sathan
462 2329 663 2364 sathanam
697 2329 792 2366 eicit.
835 2330 924 2365 Non
963 2329 1093 2364 solum
1123 2324 1127 2382 l
1156 2338 1368 2376 promotus
1402 2329 1610 2376 anticristi,

294 2387 461 2434 adeptus
494 2386 805 2423 ecclesiasticam
831 2386 1081 2434 dignitatem,
1114 2399 1250 2423 verum
1277 2387 1403 2423 eciam
1427 2387 1611 2424 diabolus

293 2443 333 2479 in
366 2444 496 2480 forma
519 2444 694 2492 religiosi
719 2444 921 2492 conquirit
943 2444 1251 2481 sceleratissime
1275 2446 1347 2481 sub
1371 2446 1462 2481 fuco
1486 2445 1610 2493 patri-

296 2501 420 2537 monii
454 2501 643 2538 crucifixi.
690 2504 782 2538 Ideo
817 2515 906 2538 cum
946 2511 1080 2550 partes
1119 2502 1236 2539 huius
1277 2503 1388 2551 regni
1420 2516 1501 2539 non
1535 2503 1609 2540 sibi

216 2562 256 2593 G.
295 2560 525 2605 cohereant,
559 2569 602 2596 ut
625 2559 930 2608 prophetizatus
963 2562 1054 2597 dan.
1084 2561 1140 2597 30.
1175 2573 1337 2598 necesse
1369 2570 1428 2597 est
1460 2570 1501 2598 ut
1534 2563 1609 2598 hoc

363 2736 389 2756 2.
410 2720 519 2755 rffnda‘·
537 2728 576 2755 A.
667 2736 693 2760 7.
714 2737 745 2755 se
766 2737 833 2756 esse
852 2729 885 2756 B.
976 2729 1003 2756 8.
1025 2730 1106 2764 quod
1128 2730 1166 2756 A.
1253 2738 1280 2764 9.
1304 2738 1335 2764 14
1357 2731 1389 2758 B.
1474 2739 1516 2759 10.
1539 2739 1609 2766 pro-

295 2763 435 2790 mittendi
462 2771 566 2790 omnes
592 2761 682 2790 MSS.
792 2772 834 2798 10,
856 2772 890 2791 11.
918 2764 941 2791 si
962 2780 995 2784 -—
1015 2765 1157 2792 adoraret
1177 2765 1261 2792 deest
1282 2765 1315 2793 C.
1425 2773 1463 2793 12.
1489 2774 1550 2801 quo
1570 2767 1608 2794 A.

295 2820 336 2847 16.
364 2820 540 2855 anticristus
561 2827 664 2847 omnes
684 2820 774 2848 MSS.
865 2829 912 2856 29.
939 2809 1059 2850 sath'iiss
1079 2809 1194 2850 sath'ism
1215 2824 1253 2850 A.
1344 2821 1387 2850 33.
1415 2832 1484 2851 cum
1503 2832 1562 2859 pro
1583 2829 1611 2852 et

295 2885 365 2904 cum
392 2878 425 2905 Β.
498 2877 543 2914 37,
564 2878 609 2906 38.
636 2866 709 2915 proii
734 2880 773 2906 A.
846 2879 893 2915 39.
921 2880 992 2915 pba²
1011 2882 1052 2915 A;
1081 2881 1219 2917 pphetat²
1239 2881 1272 2909 C.
