2067 3298
189 240 261 266 122
913 241 1137 272 „IOHANNIS
1164 241 1347 273 WYCLIF
1591 240 1679 268 CAV.
1702 241 1782 268 vin.

202 354 267 382 Itis
289 354 317 382 in
341 362 432 382 manv
472 347 646 383 niantur.
671 349 770 383 Nam
796 348 944 383 nedum
970 347 1153 384 diabolus
1178 357 1235 384 est
1258 361 1408 397 pronus
1433 351 1481 385 ad
1505 349 1780 386 inclinandum

210 397 295 416 cases
317 386 422 416 lawt'ul
471 405 493 440 f
570 418 577 424 ,
860 405 866 410 -
985 405 991 411 .
1015 405 1021 411 .
1121 405 1128 411 .
1166 406 1172 411 .
1622 408 1628 413 ,

180 424 239 451 and
265 424 344 458 right
364 429 394 450 to
416 424 455 450 do
487 417 600 440 acere
633 413 714 440 tam
749 406 1087 442 irracionabihter
1120 416 1359 452 iniunctum,
1393 408 1461 442 sed
1495 408 1597 444 foret
1620 421 1660 444 in
1684 420 1778 444 casu

189 463 447 521 ⁵O³cryuetf1³ia¹ii105t
472 464 520 498 ad
555 464 751 499 honorem
786 463 847 499 dei
882 472 918 499 et
952 463 1165 500 utilitatem
1209 464 1373 501 ecclesie
1414 466 1650 512 depromere
1690 479 1783 502 con-

179 529 453 590 dcorzcgeaqiigrsuthd
470 521 630 566 fessum,
676 530 717 556 ut
766 530 875 568 patet
920 521 1132 568 posterius.
1179 523 1226 557 Et
1275 522 1489 559 crudelitas
1529 523 1627 571 legis
1672 532 1782 571 patet

202 571 261 598 Cg⁴

179 598 334 633 perpetual
349 591 515 632 prisonll
559 578 832 623 decretalium,
874 578 940 614 ubi
975 591 1114 627 supra:
1155 579 1222 615 ubi
1264 579 1410 615 dicitur
1448 582 1556 628 quod
1594 583 1781 618 sacerdos

177 634 453 694 {gkffgffiftssl'ffessggffi's’
471 635 761 672 confessionem
797 637 996 684 detegens,
1042 644 1123 676 non
1156 637 1284 673 solum
1320 650 1340 674 a
1374 638 1614 675 sacerdotali
1647 639 1781 675 officio

195 703 244 729 the
265 707 377 729 secrets
398 702 432 728 of
470 695 709 741 deponatur,
745 695 813 730 sed
847 696 897 730 ad
930 696 1128 742 agendum
1163 705 1401 743 perpetuam
1436 696 1706 743 penitenciam
1741 697 1781 733 in

217 739 410 799 cogttlecshsigm
470 751 714 787 monasterio
748 753 997 790 detrudatur.
1046 755 1093 788 Et
1127 753 1371 790 constituere
1410 754 1509 790 tales
1552 767 1674 802 penas
1708 768 1781 803 pro

202 807 423 868 cffistisiigiesste
469 809 538 845 tali
583 809 900 857 transgressione
944 810 1102 846 videtur
1148 812 1222 847 deo
1266 824 1347 847 non
1389 824 1505 859 posse
1546 821 1779 860 conpetere;

190 876 279 910 given
301 883 375 902 even
398 875 436 910 by
470 876 621 915 quanto
656 867 782 915 magis
816 881 897 904 non
933 869 1049 904 debet
1082 878 1296 916 conpetere
1329 869 1550 916 anticristo,
1593 870 1686 907 licet
1720 883 1781 907 ex-

179 910 453 981 (ζζάᾈζξζξζῆᾚξξς
470 925 622 961 tollitur
655 938 774 973 super
807 938 926 962 omne
961 928 1069 974 quod
1104 926 1249 963 dicitur
1283 928 1397 964 deus!

196 992 237 1027 ssy
258 992 306 1029 the
327 992 429 1018 clause
529 985 734 1028 Quantum
771 985 820 1020 ad
856 986 1076 1020 secundum
1100 986 1280 1031 verbum,
1315 987 1423 1034 quod
1447 986 1564 1022 debet
1597 986 1780 1022 confiteri

223 1027 401 1088 ἔξιῐζῖξζξξιοᾞ
464 1041 630 1090 proprio
675 1042 884 1088 sacerdoti,
929 1041 1087 1078 videtur
1134 1052 1380 1091 suspectum,
1430 1056 1518 1079 cum
1554 1043 1779 1092 subiungit:

202 1095 423 1157 s·ag{›'i·‘.)‡<⁷>rti⁰110
469 1099 649 1147 “Siquis
683 1108 817 1136 autem
851 1100 981 1136 alieno
1015 1101 1214 1137 sacerdoti
1242 1101 1413 1138 voluerit
1441 1101 1546 1138 iusta
1580 1103 1628 1138 de
1662 1115 1780 1139 causa

176 1164 452 1200 isnolongertlie
468 1157 648 1193 confiteri
689 1166 867 1205 peccata,
914 1158 1124 1194 licenciam
1168 1159 1276 1207 prius
1316 1160 1492 1207 postulet
1532 1169 1567 1196 et
1600 1160 1780 1196 obtineat
1822 1163 1835 1194 ἶ

175 1204 273 1227 rector
288 1208 323 1227 or
338 1204 489 1251 casarea
523 1215 689 1263 proprio
721 1218 942 1260 sacerdote,
989 1229 1078 1252 curn
1119 1217 1235 1253 aliter
1268 1217 1352 1265 ipse
1385 1218 1498 1253 illum
1531 1231 1612 1254 non
1645 1227 1781 1266 posset

467 1274 620 1309 solvere
637 1274 697 1309 vel
721 1274 884 1321 ligare.'’
903 1274 977 1310 Hic
996 1283 1105 1322 patet
1123 1275 1328 1312 restriccio
1352 1276 1457 1312 ultra
1480 1275 1684 1312 racionem
1703 1289 1779 1324 que

466 1331 539 1366 fuit
555 1331 595 1367 in
612 1331 815 1379 primitiva
832 1332 1012 1369 ecclesia.
1039 1334 1165 1376 Unde,
1186 1333 1367 1381 quamvis
1383 1333 1571 1382 proprius
1591 1335 1779 1370 sacerdos

466 1389 648 1425 videatur
673 1402 755 1426 esse
781 1399 941 1426 curatus
968 1391 1025 1427 vel
1048 1399 1182 1427 rector
1206 1392 1264 1427 vel
1288 1391 1552 1439 parrochialis
1576 1394 1778 1437 sacerdos,

200 1442 428 1512 glfflffisssflgffiotgffi]
467 1456 602 1483 tamen
635 1447 754 1484 hodie
786 1449 836 1484 ad
869 1457 1024 1484 tantum
1050 1448 1224 1485 variatus
1259 1459 1316 1485 est
1345 1450 1541 1486 terminus
1573 1452 1681 1498 quod
1714 1450 1779 1486 ille

231 1513 267 1547 by
288 1513 392 1539 Rome.
469 1514 652 1541 censetur
684 1505 870 1553 proprius
909 1508 1109 1553 sacerdos,
1156 1519 1438 1555 quemcunque
1470 1508 1641 1544 voluerit
1674 1521 1779 1556 papa

207 1569 255 1596 No
277 1570 372 1604 priest
391 1570 416 1597 is
467 1563 697 1611 symoniace
720 1563 909 1602 limitare.
935 1566 1012 1601 Sed
1028 1566 1214 1602 Urbanus
1238 1567 1451 1611 secundus,
1479 1567 1526 1602 de
1551 1566 1779 1614 penitencia

224 1605 404 1667 alaengeedssto
468 1621 557 1657 dist.
594 1625 636 1656 2³
669 1621 725 1658 sic
758 1622 954 1671 loquitur:
990 1623 1181 1671 “placuit‚
1216 1632 1258 1659 ut
1292 1623 1480 1672 deinceps
1519 1624 1618 1660 nulli
1650 1637 1780 1660 sacer-

235 1675 390 1702 another's
468 1680 606 1715 dotum
651 1679 769 1716 liceat
814 1680 1031 1729 quemlibet
1076 1681 1292 1717 comissum
1332 1681 1446 1718 alteri
1486 1682 1686 1719 sacerdoti
1731 1683 1780 1718 ad

212 1714 413 1771 xviiiigiiiriiie
467 1737 738 1785 penitenciam
773 1738 975 1786 suscipere
1009 1739 1092 1775 sine
1127 1739 1209 1775 eius
1244 1752 1453 1786 consensu,
1501 1740 1563 1776 cui
1596 1753 1636 1777 se
1669 1740 1779 1788 prius

214 1779 410 1848 ἕξιηέῇξξῗζί
469 1795 640 1841 comisit,
692 1796 767 1832 nisi
825 1809 894 1844 per
944 1796 1218 1844 ignor-anciam
1272 1797 1377 1834 illius
1432 1798 1542 1834 cuius
1596 1798 1779 1846 penitens

192 1849 434 1911 ¹‡J{·¹}2151(}{-¹ag{{‚e
468 1853 577 1901 prius
611 1854 814 1890 confessus
860 1855 959 1891 est.'’
1008 1855 1072 1891 Sic
1112 1855 1233 1903 igitur
1271 1857 1489 1892 secundum
1530 1856 1778 1893 variaciones

263 1905 279 1919 ²³
467 1912 660 1959 temporis
706 1912 806 1949 fiunt
844 1912 953 1949 varia
994 1913 1255 1950 confessionis
1300 1915 1515 1961 comercia,
1562 1923 1599 1950 et
1644 1914 1778 1950 multi-

177 1965 449 2027 Son'qxgkierlixs'tead
466 1969 667 2017 plicantur
700 1970 1010 2007 adinvenciones
1045 1971 1263 2008 blasfemie.
1299 1971 1453 2009 Cristus
1482 1972 1587 2008 enim
1612 1972 1777 2009 nescivit

177 2035 333 2073 Christian
355 2030 444 2074 bsscing
466 2028 592 2075 legem
619 2028 863 2065 contrariam
889 2029 952 2065 isti
976 2031 1082 2077 quod
1107 2029 1336 2078 quicunque
1360 2030 1571 2066 cristianus
1595 2039 1778 2066 teneatur

196 2073 432 2138 cii-iffi't'fftffssffi
466 2085 588 2121 libere
627 2086 809 2122 confiteri
855 2087 1078 2135 cuicunque
1119 2087 1318 2124 sacerdoti
1357 2101 1474 2136 quem
1522 2088 1680 2124 sciverit
1717 2089 1777 2124 vel

202 2140 424 2201 tiinCO¹³treiseSstt⁰
466 2143 730 2190 probabiliter
764 2144 979 2181 crediderit
1012 2144 1147 2181 sanius
1182 2146 1402 2182 consulere.
1450 2147 1527 2182 Sed
1568 2155 1658 2194 post
1692 2147 1776 2194 effe-

261 2183 315 2210 yp
398 2196 403 2209 ⁷
466 2201 602 2237 minati
639 2211 793 2239 tantum
836 2203 1084 2239 dominantur
1122 2203 1174 2239 eis
1219 2205 1327 2252 quod
1369 2205 1546 2240 vendunt
1585 2204 1776 2240 blasfeme

465 2259 632 2306 animas,
668 2261 760 2308 quia
794 2262 984 2297 ducatum
1020 2274 1156 2298 earum
1187 2263 1237 2298 ad
1270 2263 1463 2308 tarthara,
1497 2261 1599 2298 sicut
1632 2262 1662 2298 si
1686 2261 1775 2310 quis

463 2319 652 2354 venderet
685 2319 825 2356 bovem
860 2328 928 2355 aut
970 2319 1138 2356 asinum.
1186 2321 1263 2356 Sed
1307 2332 1390 2356 non
1435 2329 1492 2356 est
1538 2320 1776 2357 conveniens

534 2458 559 2477 2.
579 2436 614 2477 'ib
636 2454 686 2477 na²
707 2450 739 2478 C.
812 2452 836 2490 5.
864 2451 892 2479 50
913 2452 972 2480 BC.
1046 2452 1072 2480 8.
1095 2438 1161 2486 MS?
1182 2455 1225 2487 A;
1255 2453 1476 2480 monasterium
1499 2453 1532 2481 C.
1612 2462 1654 2486 14.
1676 2458 1776 2481 autem

465 2484 552 2511 deest
569 2485 600 2511 B.
706 2493 751 2523 >19.
777 2488 862 2520 after
881 2492 1016 2516 curatus,
1044 2492 1076 2514 ut
1101 2496 1181 2515 corr.
1203 2496 1241 2515 ex
1267 2488 1310 2514 vel
1337 2489 1375 2514 A.
1484 2495 1529 2515 20.
1557 2493 1601 2515 est
1628 2488 1714 2515 deest
1737 2489 1775 2515 A.

466 2519 508 2546 215.
531 2520 575 2546 (5ιη
590 2520 621 2546 B.
678 2527 724 2547 20.
748 2517 802 2555 pro
818 2521 849 2547 B.
906 2522 953 2549 28.
967 2523 1154 2549 commercio
1170 2523 1202 2549 B.
1259 2521 1303 2549 30.
1321 2523 1410 2549 istam
1427 2523 1491 2550 AC.
1548 2522 1594 2556 34.
1611 2532 1716 2550 eorum
1732 2524 1775 2553 A:

465 2554 505 2580 ib.
526 2555 636 2581 turtli'a
656 2556 700 2588 A3
728 2555 765 2581 ib.
788 2556 865 2582 >ient
887 2556 973 2583 deest
990 2557 1028 2590 133
1057 2557 1096 2583 ib.
1118 2557 1142 2583 si
1163 2557 1247 2584 deest
1265 2557 1330 2585 AC.

537 2626 565 2657 5.
593 2627 692 2658 Decr.
721 2627 823 2669 Grcg.
850 2629 901 2669 (as
929 2629 963 2659 in
990 2636 1081 2668 note,
1109 2639 1142 2670 p.
1167 2630 1255 2670 112).
1339 2639 1388 2671 17.
1415 2630 1481 2660 We
1501 2639 1579 2672 may
1596 2637 1676 2660 note
1694 2629 1775 2669 that,

465 2672 641 2704 whatever
659 2683 738 2715 may
756 2673 844 2706 have
863 2674 951 2705 been
968 2674 1025 2705 the
1045 2682 1181 2706 custom
1198 2676 1232 2706 in
1242 2675 1401 2717 Wyclif’s
1414 2676 1507 2716 time,
1524 2675 1639 2717 parish
1654 2677 1776 2717 priests

465 2726 498 2750 at
522 2726 659 2761 present
683 2719 790 2751 either
812 2721 890 2762 give
922 2721 1038 2762 public
1069 2722 1166 2753 leave
1197 2729 1233 2753 to
1260 2722 1392 2753 choose
1418 2732 1484 2764 any
1511 2722 1700 2761 confessor,
1738 2733 1777 2753 or

466 2775 522 2796 are
548 2767 763 2797 understood
789 2773 824 2797 to
851 2767 895 2797 do
923 2777 961 2798 so
988 2767 1032 2810 by
1057 2767 1146 2799 their
1171 2769 1309 2800 silence.
1342 2767 1428 2799 This
1455 2769 1570 2799 clause
1596 2767 1775 2808 therefore,

466 2812 533 2842 like
560 2822 662 2854 many
690 2812 789 2843 other
816 2823 946 2844 canons
973 2813 1013 2844 of
1035 2814 1226 2855 discipline,
1259 2824 1373 2845 seems
1405 2815 1602 2856 practically
1628 2821 1662 2845 to
1688 2814 1776 2846 have

466 2858 570 2890 fallen
596 2859 668 2889 into
696 2859 824 2891 disuse.
922 2860 975 2892 23.
1002 2860 1101 2892 Decr.
1130 2861 1222 2892 Grat.
1250 2861 1299 2892 De
1326 2861 1436 2892 Penit.
1464 2861 1540 2892 dist.
1560 2861 1615 2901 Vl,
1644 2872 1670 2892 c.
1699 2862 1729 2894 3.

1802 884 1839 904 IO

1843 2127 1905 2157 lsa.

1827 2172 1879 2212 III,
1894 2183 1915 2213 4
