2067 3298
242 143 322 179 274
957 140 973 171 J
979 114 1181 171 OHANNIS
1206 139 1390 170 WYCLIF
1613 136 1702 165 CAP.
1723 137 1831 165 xv111.

529 247 761 282 mandatum
797 245 990 293 decalogi,
1026 258 1113 281 cum
1148 245 1259 281 illum
1295 245 1404 281 cuius
1437 254 1711 294 contemptum
1746 247 1833 294 plus

527 303 681 348 odiunt,
708 303 833 351 magis
848 303 1032 351 diligunt.
1057 304 1134 340 Sed
1150 305 1370 339 secundum
1386 303 1623 340 vaticinium
1640 304 1834 352 apostoli:

526 361 568 396 In
601 361 816 397 novissimis
850 361 980 397 diebus
1012 369 1099 397 sunt
1122 361 1292 397 homines
1320 373 1360 397 se
1392 362 1494 410 ipsos
1525 369 1711 408 amantes,
1745 374 1833 398 cum
1852 377 1868 397 2
1889 367 1980 398 Tim.

527 420 577 455 ad
609 418 894 455 vindicandum
935 418 1143 467 propriam
1185 418 1373 455 iniuriam
1408 429 1575 455 currunt
1608 419 1836 468 precipites,
1867 413 1920 452 ῙῙῙ)
1950 424 1964 444 2

527 477 594 513 sed
619 478 668 512 ad
692 476 979 513 vindicandum
1012 476 1199 512 iniuriam
1225 476 1300 523 dei,
1334 489 1452 525 quem
1477 479 1621 513 debent
1645 490 1765 525 supra
1798 490 1837 514 se
1854 482 1870 514 5

527 534 634 582 ipsos
658 534 834 581 diligere,
869 544 959 570 sunt
992 534 1111 570 nimis
1141 534 1308 581 desides,
1343 544 1379 571 et
1412 534 1468 571 sic
1502 535 1563 571 dei
1597 536 1836 583 proditores.

271 602 349 629 This
371 600 472 627 would
586 593 697 637 Item,
744 593 949 640 loquendo
984 594 1033 628 ad
1067 592 1285 638 hominem,
1330 592 1488 628 videtur
1526 594 1634 641 quod
1674 593 1838 641 propria

256 638 493 707 bevsggesupffilvle
529 661 666 697 regum
692 649 844 686 utilitas
877 649 1139 686 necessitaret
1163 652 1210 685 ad
1236 650 1298 685 dei
1323 650 1513 686 iniuriam
1539 651 1838 688 vindicandum.

238 704 512 767 fromtatssrzlpgzal
531 710 630 743 Nam
667 711 722 742 2m
749 717 935 744 notantes
968 716 1115 743 statum
1152 708 1261 755 regni
1295 708 1437 753 nostri,
1471 709 1560 756 plus
1593 722 1713 757 quam
1749 721 1839 745 cen-

254 749 323 776 pom
359 749 376 766 O
529 774 614 801 tum
651 764 761 801 milia
794 766 990 802 librarum
1025 766 1237 813 rapiuntur
1261 778 1330 813 per
1364 766 1494 803 dictos
1527 775 1699 803 tortores
1729 762 1837 802 12⁰im
1858 782 1896 802 10

291 831 465 859 Morethan
529 822 723 862 anuatim.
778 824 895 869 Quod
930 836 1019 859 cum
1054 836 1119 859 rex
1152 832 1285 871 posset
1318 824 1487 861 faciliter
1519 826 1739 870 destruere,
1784 824 1840 860 vi-

239 869 643 936 anniaiiff'ggooutdeffls
688 882 795 929 quod
836 894 879 917 ex
917 882 1036 917 stulta
1082 881 1237 917 desidia
1282 881 1404 928 gratis
1447 883 1541 918 wult
1585 883 1674 930 plus
1719 895 1838 930 quam

274 935 427 1005 kingggssf
443 969 480 1005 by
531 938 788 974 medietatem
830 939 940 987 regni
980 939 1040 975 sui
1081 939 1278 975 amittere.
1333 942 1381 975 Et
1413 940 1468 976 sic
1507 953 1646 976 omnes
1685 949 1840 988 pertur-

246 1013 352 1033 mcans
372 1005 406 1031 of
423 1004 507 1030 these
530 996 717 1032 baciones
741 1009 817 1045 que
841 997 980 1033 exinde
1004 997 1258 1045 proveniunt,
1292 1006 1483 1045 procurat
1515 998 1695 1046 inplicite
1719 1011 1840 1046 regno

255 1043 503 1110 'gsss‘ssfflffitsssssg
531 1055 782 1101 contingere:
817 1056 924 1103 quod
958 1064 1015 1091 est
1048 1055 1221 1091 alienum
1257 1068 1278 1092 a
1311 1056 1413 1103 regis
1446 1055 1595 1094 officio.
1643 1056 1758 1092 Unde
1791 1057 1839 1092 de
1861 1061 1896 1093 15

254 1108 497 1170 Rorsssskggsiav
530 1112 609 1148 illis
643 1114 709 1148 XII
744 1112 966 1149 tortoribus
1012 1122 1154 1149 notant
1199 1113 1376 1161 quinque
1422 1113 1486 1162 qui
1525 1124 1616 1150 sunt
1659 1114 1839 1162 precipui

265 1179 407 1218 ssisliops,
431 1177 487 1204 bad
533 1169 602 1205 filii
650 1170 752 1218 regis
799 1170 997 1218 superbie,
1046 1171 1217 1207 scilicet:
1267 1184 1434 1208 romana
1483 1172 1607 1219 curia,
1662 1172 1840 1220 episcopi

251 1213 507 1275 psffissff'ffflssffl‘s
534 1228 722 1275 perversi,
769 1228 896 1264 curati
936 1228 1004 1277 qui
1045 1241 1125 1265 non
1163 1229 1313 1265 intrant
1355 1242 1426 1277 per
1465 1229 1639 1266 hostium
1680 1239 1840 1277 aposta-

252 1295 280 1322 If
297 1294 346 1333 the
368 1294 450 1327 king,
473 1293 502 1332 ip
534 1294 676 1329 tantes,
713 1285 888 1334 religiosi
923 1287 1228 1334 possessionati,
1263 1297 1299 1323 et
1332 1291 1396 1333 401'
1419 1296 1524 1324 secte
1557 1288 1740 1326 fratrum.
1787 1287 1840 1332 Si,

250 1328 510 1397 addssssfflnffiyhffi
535 1343 714 1391 inquam,
760 1353 869 1380 totus
908 1346 1119 1381 thesaurus
1159 1345 1268 1392 regni
1313 1357 1429 1393 quem
1477 1345 1552 1394 ipsi
1597 1345 1740 1382 furtive
1782 1359 1842 1382 ra·
1859 1361 1900 1382 20

271 1397 495 1467 ξζζξθξῃὸἓῇρζῃ
537 1400 664 1448 piunt,
699 1403 797 1437 foret
820 1411 998 1438 servatus
1019 1403 1150 1439 Cristo
1176 1404 1223 1438 ad
1248 1415 1342 1439 usus
1374 1402 1490 1439 utiles
1524 1403 1605 1451 regi
1638 1412 1675 1439 et
1708 1416 1842 1451 regno,

256 1469 292 1495 he
312 1467 395 1496 State
415 1454 517 1493 wotild
537 1468 648 1495 tanta
680 1472 838 1495 summa
862 1469 903 1495 ut
927 1460 1147 1508 predicitur
1178 1461 1238 1496 vel
1272 1460 1413 1505 maior,
1448 1470 1582 1509 preter
1605 1463 1839 1498 thezaururn

254 1504 289 1529 be
310 1510 510 1537 prosperous.
540 1517 743 1552 residuum
780 1517 888 1565 regni
921 1518 1047 1554 nostri
1081 1518 1154 1554 sibi
1188 1520 1346 1555 cederet
1378 1520 1427 1554 ad
1460 1529 1717 1567 augmentum
1753 1532 1844 1567 pro—

256 1583 344 1610 Thus
365 1587 418 1609 not
438 1582 510 1615 only
538 1575 754 1622 speritatis,
799 1575 864 1611 ubi
910 1575 989 1612 iam
1030 1575 1159 1623 ipsum
1199 1576 1325 1612 inficit
1358 1585 1395 1612 et
1433 1579 1656 1624 perturbat.
1709 1579 1756 1613 Et
1788 1577 1844 1613 sic
1886 1582 1920 1613 C.

260 1617 497 1686 ῃῗξζζζυῃῖιρέιᾞ,
536 1632 642 1668 iuxta
675 1633 901 1680 passionem
937 1634 1127 1669 marasmi
1160 1634 1422 1671 necessitatur
1455 1648 1519 1671 rex
1552 1648 1573 1671 a
1606 1635 1685 1671 suis
1720 1648 1843 1671 mem·
1860 1640 1899 1671 25

249 1686 510 1756 mpogsssvfigdsssfflgd
535 1690 629 1736 bris,
675 1691 767 1727 viris
812 1691 1040 1739 regnicolis,
1085 1692 1329 1739 temporalia
1368 1692 1442 1728 sibi
1482 1692 1745 1740 inprudenter
1783 1706 1843 1729 ex-

251 1755 511 1783 Governmeutto
533 1750 705 1784 trahere.
760 1750 807 1785 Et
855 1749 910 1785 sic
961 1750 1131 1785 fidelitas
1181 1750 1313 1786 debita
1360 1750 1504 1796 Cristo,
1555 1751 1735 1787 mandati
1783 1750 1842 1787 sui

260 1790 502 1859 aeguprffigrlibtJ-y,
532 1806 777 1849 observacio,
813 1816 849 1842 et
873 1807 1152 1855 prosperitatis
1182 1808 1291 1855 regni
1325 1809 1602 1845 accumulacio
1637 1817 1843 1845 moverent

534 1876 665 1911 regem
702 1874 738 1900 et
772 1864 855 1900 eius
896 1865 1105 1901 consilium
1148 1867 1197 1901 ad
1237 1867 1468 1913 prudenter,
1516 1875 1759 1913 constanter,
1806 1875 1842 1902 et

533 1921 688 1957 fortiter
733 1925 1005 1970 exequendum
1053 1923 1270 1959 vindictam
1318 1923 1462 1960 iniurie
1502 1925 1563 1960 dei
1603 1925 1675 1960 sui.
1731 1925 1841 1961 Illam
1860 1930 1901 1961 30

533 1988 665 2015 autem
713 1980 898 2016 iniuriam
947 1983 1062 2017 debet
1107 1994 1172 2017 rex
1216 1994 1304 2017 cum
1354 1995 1426 2018 suo
1467 1982 1635 2018 consilio
1682 1995 1724 2018 ex
1768 1983 1843 2018 isto

289 2044 338 2071 No
359 2044 423 2071 fear
442 2043 477 2070 of
534 2037 783 2074 convincere.
839 2041 885 2074 Et
919 2052 961 2074 ex
996 2039 1072 2074 fide
1105 2039 1182 2075 vite
1216 2039 1336 2075 Cristi
1371 2048 1408 2076 et
1440 2053 1508 2076 sue
1547 2041 1642 2087 legis
1683 2041 1843 2088 capiant

243 2078 741 2143 ⁶333ss{e?h{}}?²i¹},quO1iiodo
789 2097 918 2132 clerus
968 2109 1061 2132 suus
1110 2098 1226 2133 debet
1274 2097 1423 2143 vivere3
1480 2107 1516 2134 et
1561 2107 1753 2146 quantun]
1802 2111 1844 2134 ex

252 2147 507 2217 takiniacjgirist's
534 2153 780 2200 probacione
825 2154 884 2190 sui
930 2154 1063 2202 operis
1102 2156 1150 2190 ab
1194 2155 1261 2191 illo
1307 2155 1517 2201 exorbitat,
1571 2156 1845 2204 inpedimenta

534 2211 651 2246 huius
696 2211 798 2247 devii
844 2221 1036 2260 tanquam
1083 2225 1153 2249 sua
1200 2214 1454 2258 subtrahere,
1508 2226 1580 2250 nec
1614 2214 1843 2250 excomuni—
1860 2217 1899 2250 35

534 2269 717 2305 caciones
756 2270 816 2305 vel
856 2270 933 2305 alie
973 2283 1138 2306 censure
1179 2270 1268 2306 ficte
1308 2271 1458 2307 diaboli
1498 2273 1643 2308 debent
1680 2273 1728 2308 ab
1767 2272 1843 2308 isto

533 2339 654 2374 opere
688 2327 825 2363 fideles
859 2327 1061 2375 principes
1096 2337 1306 2364 exterrere.
1342 2329 1462 2373 Quid,
1497 2342 1634 2377 queso,
1669 2343 1719 2366 an
1752 2343 1843 2377 pec—

534 2393 682 2429 catum,
717 2386 777 2421 vel
802 2394 1000 2429 creatura,
1026 2387 1085 2421 vel
1109 2386 1272 2434 aliquod
1298 2386 1590 2423 nominandum
1617 2387 1843 2435 inpedirent

535 2441 670 2477 fideles
715 2442 930 2490 principes,
977 2456 1024 2478 ne
1065 2453 1204 2479 contra
1243 2444 1446 2480 diabolum
1488 2454 1648 2481 teneant
1687 2454 1840 2493 partem

605 2628 628 2646 2.
650 2626 753 2648 amant
769 2629 831 2656 pro
851 2622 981 2656 diligunt
1003 2623 1023 2649 Β
1108 2621 1132 2650 3.
1155 2623 1241 2658 ipsos
1262 2624 1344 2651 deest
1364 2624 1394 2650 Β.
1469 2632 1496 2659 ς).
1519 2625 1563 2651 sui
1580 2626 1617 2652 A.
1692 2633 1718 2652 12
1745 2627 1784 2650 wt
1805 2626 1832 2652 A

537 2656 577 2682 16.
599 2664 656 2690 que
677 2657 713 2682 A.
789 2665 827 2692 17·
850 2657 899 2683 filii
920 2658 1004 2684 dees!
1018 2659 1061 2689 A;
1083 2658 1120 2684 ih.
1142 2658 1189 2692 epi
1206 2659 1239 2685 C.
1316 2667 1354 2693 ig).
1378 2667 1392 2685 a
1415 2659 1560 2694 religione
1574 2661 1611 2686 A.
1686 2667 1731 2693 24.
1747 2660 1786 2686 ibi
1804 2661 1842 2687 A.

553 2690 576 2716 5.
599 2691 675 2716 ultra
698 2692 734 2717 A.
827 2691 873 2717 26.
896 2692 975 2718 veris
996 2692 1030 2719 C,
1121 2692 1164 2719 28,
1186 2692 1285 2719 obsci'a
1306 2695 1343 2720 Α.
1434 2702 1479 2727 25).
1508 2699 1535 2720 et
1560 2695 1646 2728 after
1670 2699 1844 2721 constanter

535 2725 621 2751 deest
639 2725 700 2751 ΑΒ.
782 2724 820 2752 31.
842 2726 977 2753 iniurant
996 2728 1040 2757 A:
1068 2727 1105 2753 ib.
1127 2728 1236 2754 debent
1256 2729 1293 2754 A.
1380 2727 1421 2754 32.
1450 2729 1532 2763 quod
1561 2724 1596 2755 e'x
1620 2729 1677 2755 fide
1698 2729 1756 2755 vite
1777 2729 1842 2761 BC3

536 2759 572 2785 ih.
597 2759 687 2786 vitem
710 2760 740 2786 B.
814 2759 860 2794 34.
883 2765 910 2787 et
930 2761 1153 2796 impedimenta
1174 2762 1206 2789 C.
1280 2761 1325 2797 37.
1348 2767 1416 2789 ante
1436 2763 1468 2789 B.
1542 2762 1586 2789 38.
1608 2763 1722 2798 aliquid
1744 2763 1778 2790 C.
