2067 3298
186 256 193 278 ι
210 244 257 280 38
899 245 1122 277 JOHANNIS
1148 244 1333 275 WYCLIF
1617 241 1705 268 cAv.
1727 241 1777 268 ix.

185 373 213 401 If
231 374 279 399 1110
298 371 445 405 Apostles,
461 356 515 389 ‘Et
548 353 653 389 idem
689 351 866 388 creditur
899 352 945 387 de
969 351 1161 399 apostolis
1186 360 1222 387 et
1246 350 1332 387 aliis
1355 349 1501 386 sanctis
1527 351 1573 385 de
1597 358 1779 397 tempore

185 406 443 469 t¹Jl²LdHCgl¹¹feffled⁷
467 411 563 459 legis
604 410 734 456 Cristi,
780 409 847 458 qui
893 422 932 445 se
972 409 1141 445 confessi
1181 409 1360 452 fuissent,
1409 407 1572 456 spiritus
1617 416 1778 444 sanctus

317 450 335 477 y
393 444 454 467 iost

201 476 304 503 would
328 476 428 511 surely
469 482 548 506 non
582 468 720 504 fuisset
753 468 966 504 immemor
1000 467 1242 515 explanasse.
1278 468 1326 502 Et
1351 466 1612 503 confirmatur
1636 478 1679 501 ex
1702 465 1779 501 fide

223 512 298 538 have
319 511 357 538 let
379 519 413 537 us
536 527 542 533 -
1059 525 1065 530 .
1098 525 1104 531 .
1260 525 1266 531 .
1306 525 1311 531 .

220 546 310 573 know
331 545 364 572 of
381 545 412 571 it.
468 536 677 575 scripture.
694 529 795 562 Nam
812 526 953 573 psalm.
969 524 985 561 3
1003 539 1012 561 1
1030 527 1194 561 dicrtur:
1211 526 1308 561 szz
1321 539 1330 559 :
1348 524 1557 574 confitebor
1571 524 1778 559 adversum

209 580 424 651 ᾗξζιζῐζῑῑὲῆξείὲὲ
469 598 527 621 me
558 584 785 620 iniusticiam
820 596 942 619 meam
977 583 1151 627 domino,·
1188 591 1223 619 et
1255 590 1294 619 tu
1328 582 1512 618 remisisti
1547 582 1778 630 impietatem

216 656 330 677 asseris
351 650 414 676 that
462 643 615 692 peccati
645 642 728 678 mei.
765 643 813 677 Et
835 642 976 677 Ezech.
1008 642 1053 677 18
1080 640 1242 677 dicitur:
1278 640 1320 676 Si
1340 647 1466 675 autem
1489 639 1614 689 egerit
1643 639 1781 688 impius

204 685 271 712 (iod
294 684 430 720 pardons
548 701 554 707 .
648 700 654 706 .
925 699 931 705 .
1175 700 1180 705 .
1285 699 1290 704 .

214 720 263 746 the
283 719 413 746 contrite
462 708 715 750 penitenciam
749 700 794 735 ab
827 700 1001 735 omnzhus
1027 706 1199 748 peccatis
1231 710 1308 734 suis
1336 710 1406 746 que
1432 704 1613 746 operatus
1646 704 1713 743 est,
1747 704 1782 733 et

258 754 371 781 sinner.
469 758 680 794 custodiret
706 757 832 793 omnia
857 764 1042 806 precepta
1072 769 1169 803 mea,
1196 763 1230 793 et
1248 756 1396 805 fecerit
1421 755 1601 791 iudicium
1622 762 1658 790 et
1677 755 1782 790 iusti-

470 817 582 860 ciam,
615 816 691 852 vita
721 815 820 851 vivet
850 822 884 851 et
912 827 984 851 non
1013 815 1214 851 morietur.
1254 814 1433 850 Omnium
1456 813 1680 862 inquitatum
1705 813 1783 849 eius

219 892 291 919 And
313 892 417 919 Christ
471 886 565 924 quas
588 881 770 923 operatus
791 880 846 909 est
868 885 941 909 non
965 873 1216 909 recordabor.
1247 874 1295 908 Et
1319 871 1423 907 idem
1448 879 1558 919 patet
1582 872 1629 907 de
1653 870 1783 907 Cristo

194 926 297 954 nomed
320 927 439 954 &¹³¹¹ssss
471 941 635 969 sanante
657 940 903 980 peccatores,
933 930 1026 967 licet
1047 943 1128 967 non
1149 930 1223 967 sibi
1245 931 1307 967 vel
1329 928 1521 978 apostolis
1552 928 1629 965 sint
1652 928 1785 964 taliter

202 961 431 1031 uclgliiigsisiiigff
472 989 654 1028 confessi.
679 992 727 1025 Et
745 990 994 1026 concordant
1016 989 1145 1037 glosse
1162 997 1395 1025 sanctorum
1418 996 1454 1024 et
1473 988 1576 1034 leges
1601 986 1783 1023 ecclesie:

472 1058 515 1085 ut
548 1057 657 1096 patet
691 1049 738 1083 de
771 1046 996 1095 penitencia
1031 1046 1122 1082 dist.
1154 1050 1208 1091 1²³,
1243 1059 1387 1096 magna
1415 1046 1554 1095 pietas.

182 1124 458 1158 Again,ifaman
532 1109 643 1151 Item,
684 1114 761 1142 stat
793 1104 998 1141 hominem
1038 1117 1119 1141 non
1153 1103 1337 1141 confiteri
1380 1112 1416 1140 et
1458 1103 1634 1139 virtuose
1668 1114 1784 1151 agere

201 1158 439 1221 ῑξξέοζζῖᾖοῗξῆξξέ
474 1176 600 1213 usque
641 1165 690 1200 ad
730 1172 916 1209 mortem,
962 1164 1158 1199 servando
1198 1161 1398 1199 iusticiam
1439 1161 1523 1198 sine
1562 1162 1638 1197 hoc
1677 1161 1785 1209 quod

236 1228 412 1267 vii-tuously
476 1222 717 1260 confiteatur
761 1220 895 1258 taliter
939 1221 1150 1266 sacerdoti,
1209 1222 1276 1257 sed
1323 1232 1368 1257 eo
1412 1219 1501 1268 ipso
1546 1218 1784 1256 salvabitur:

196 1264 384 1331 ςοῃῖρξὲἓῇῐ
406 1298 442 1325 he
475 1294 582 1329 ergo,
616 1289 694 1316 stat
727 1279 932 1316 hominem
966 1278 1111 1316 salvari
1145 1278 1229 1315 sine
1263 1277 1512 1315 confessione
1536 1276 1783 1313 huiusmodi.

186 1332 738 1395 Ollssigssfflbteaj‘ggffit.Assumptum
779 1346 903 1386 patet,
949 1337 1044 1385 quia
1082 1337 1219 1374 omnia
1257 1336 1332 1373 ista
1365 1337 1526 1372 fuerunt
1566 1347 1637 1383 per
1675 1347 1716 1371 se
1750 1343 1787 1370 et

204 1414 272 1442 God
294 1422 347 1441 can
369 1413 437 1449 give
474 1396 708 1433 immediate
754 1408 824 1444 per
868 1395 1066 1444 graciam3
1120 1396 1189 1431 sed
1239 1394 1358 1430 nimis
1402 1394 1639 1431 blasfemum
1685 1393 1786 1429 foret

202 1449 444 1518 Wffigugtsffissng
476 1455 608 1491 dicere
642 1455 750 1503 quod
784 1455 879 1490 deus
912 1466 994 1490 non
1017 1462 1147 1502 potest
1170 1453 1230 1490 vel
1252 1465 1462 1500 nunquam
1495 1453 1562 1488 dat
1595 1450 1786 1499 graciam,

221 1518 277 1557 *th-e
297 1518 419 1566 priest's
475 1512 551 1550 nisi
584 1512 786 1549 mediante
819 1511 889 1548 tali
925 1511 1149 1548 ministerio
1172 1510 1410 1555 sacerdotis;
1446 1522 1538 1557 ergo
1562 1521 1662 1558 eque
1685 1510 1788 1545 blas-

187 1558 347 1615 11³3?thss
362 1553 455 1615 811]ng02
476 1572 627 1607 fernum
670 1579 726 1608 est
766 1570 897 1607 dicere
938 1571 1045 1618 quod
1086 1569 1218 1605 nullus
1251 1577 1442 1617 peccator
1479 1576 1611 1616 potest
1644 1566 1788 1603 salvari

188 1622 461 1684 δὲζθὴζᾝὲθξὲὃξν
478 1629 562 1665 sine
607 1628 676 1665 tali
723 1628 973 1665 confessione
1018 1628 1123 1665 facta
1160 1626 1374 1664 sacerdoti.
1430 1626 1494 1663 Sic
1540 1625 1645 1662 enim
1693 1626 1789 1661 deus

211 1692 245 1719 of
262 1692 435 1720 Cornelius.
477 1686 708 1724 iustificavit
742 1686 975 1723 Cornelium
1016 1687 1104 1723 Act.
1137 1698 1195 1733 10,
1238 1693 1457 1733 antequam
1497 1683 1571 1720 fuit
1604 1683 1788 1720 visitatus

191 1726 307 1789 Wehcailct)
323 1727 463 1789 {gretiear
477 1758 547 1794 per
578 1747 752 1781 Petrum.
786 1746 867 1781 Nec
899 1744 1078 1793 loquitur
1112 1745 1159 1780 de
1193 1742 1452 1780 absolucione
1482 1741 1603 1788 Petri,
1638 1743 1707 1778 sed
1741 1742 1788 1777 de

233 1796 418 1859 affigiivtiegn.
478 1803 560 1840 eius
582 1802 876 1851 predicacione.
911 1805 953 1839 In
983 1802 1095 1839 cuius
1120 1802 1290 1850 figuram
1314 1802 1409 1838 Luc.
1437 1813 1481 1848 17
1508 1799 1655 1837 dicitur
1678 1800 1788 1848 quod

486 1875 530 1898 10
562 1861 725 1909 leprosi,
772 1862 867 1897 dum
899 1860 1012 1897 ibant
1045 1873 1084 1897 se
1117 1860 1329 1897 ostendere
1366 1858 1656 1904 sacerdotibus,
1698 1866 1789 1894 sunt

188 1935 323 1962 Lazarus
342 1935 465 1970 coming
482 1919 678 1957 mundati.
725 1921 787 1966 Et,
825 1919 912 1956 Joh.
945 1920 1008 1965 XI,
1047 1918 1191 1967 legitur
1232 1919 1429 1954 Lazarum
1467 1916 1712 1953 vivificatum
1752 1924 1789 1952 et

189 1970 282 2039 gfparglg
302 1970 465 2039 ΕᾞῈᾱῖῂξὸ
480 1979 527 2014 de
560 1978 743 2026 sepulcro
778 1989 978 2025 egressum
1015 1985 1233 2025 antequam
1266 1975 1340 2012 fuit
1372 1976 1525 2012 solutus
1549 1974 1695 2011 institis
1718 1986 1790 2022 per

189 2040 373 2078 afigurepf
391 2040 465 2067 such
480 2036 703 2084 apostolos:
751 2047 826 2084 que
864 2035 1001 2072 omnia
1034 2035 1208 2083 figurant
1247 2035 1365 2071 deum
1404 2045 1498 2082 sepe
1536 2033 1688 2069 solvere
1721 2033 1791 2068 ho-

217 2075 435 2143 ressti’iiletffigffi
481 2094 629 2130 minem
664 2107 685 2131 a
718 2102 898 2142 peccato,
931 2094 993 2130 vel
1024 2092 1108 2129 sine
1140 2092 1211 2129 tali
1235 2091 1456 2140 presbitero
1478 2092 1539 2128 vel
1572 2100 1789 2139 antequam

208 2144 444 2215 ῐξὲἓοᾞῗξθῇῐῆξζ
480 2152 723 2189 tradiciones
756 2151 941 2189 inventas
974 2151 1114 2187 dixerit
1151 2163 1270 2198 super
1303 2163 1411 2186 eum:
1457 2149 1552 2198 quia
1590 2150 1791 2185 horrenda

193 2214 308 2285 pri‘sssxi}
325 2215 453 2275 §gegad
481 2209 689 2247 blasfemia
721 2210 823 2247 foret
857 2209 988 2247 dicere
1022 2210 1130 2258 quod
1169 2217 1384 2257 postquam
1425 2209 1656 2244 sacerdotes
1694 2208 1792 2255 ydo-

210 2284 279 2311 God
301 2269 677 2310 d005n01⁷latrarunt
714 2268 860 2305 virtute
898 2267 1133 2304 tradicionis
1174 2279 1314 2303 eorum
1355 2267 1450 2302 deus
1488 2264 1679 2314 preclusit
1716 2264 1790 2301 sibi

191 2319 316 2380 dfflsffi}
336 2317 709 2388 §gfflgsslfpotenciam
743 2326 971 2363 dimittendi
994 2338 1065 2374 per
1087 2338 1127 2362 se
1150 2333 1316 2373 peccata
1339 2323 1423 2360 sine
1455 2323 1600 2360 talibus
1633 2322 1789 2360 mediis.

193 2388 321 2450 bliffigsse
342 2386 560 2438 orthatsed
589 2386 751 2433 quando
791 2385 952 2421 fuerunt
989 2384 1217 2421 sacerdotes
1251 2381 1391 2428 sancti,
1431 2382 1510 2418 tale
1543 2381 1790 2418 adiutorium

201 2430 459 2496 thitigigsiatiise
482 2456 563 2480 non
603 2442 784 2491 quesivit.
831 2445 933 2479 Nam
978 2442 1199 2479 secundum
1240 2439 1499 2476 Ambrosium
1535 2439 1575 2475 in
1606 2439 1709 2475 libro
1750 2442 1790 2474 10

210 2496 305 2559 1³13&th
324 2491 450 2561 Ῐᾷῗοζξῗ
482 2502 529 2538 de
562 2500 803 2549 penitencia,
837 2500 912 2536 nisi
945 2500 1134 2537 sacerdos
1167 2497 1352 2535 habuerit
1385 2497 1571 2546 spiritum
1606 2505 1790 2534 sanctum

239 2561 298 2588 and
320 2569 413 2596 prays

551 2633 569 2652 1.
597 2616 650 2651 stis
675 2624 711 2665 de
737 2627 787 2663 tpe
814 2624 858 2657 A;
888 2623 924 2650 de
952 2622 1060 2658 before
1084 2627 1224 2658 tempore
1249 2622 1336 2649 deest
1360 2620 1421 2648 BC.
1530 2627 1556 2647 2.
1578 2619 1668 2646 sisic
1688 2618 1727 2651 B3
1754 2618 1792 2645 ib.

480 2682 589 2710 fuisset
609 2682 642 2710 C.
733 2679 759 2708 3.
781 2685 860 2708 esset
879 2681 917 2708 A.
1008 2689 1037 2712 4-
1065 2681 1103 2710 ΖΞ
1129 2680 1199 2707 ideo
1225 2687 1284 2714 pro
1305 2687 1375 2706 nam
1397 2678 1429 2705 B.
1521 2685 1550 2712 9.
1571 2677 1636 2704 eius
1655 2676 1741 2703 deest
1758 2676 1791 2703 B.

483 2725 523 2744 10.
545 2725 603 2752 que
623 2717 660 2744 A.
753 2724 794 2749 14.
817 2723 877 2742 non
903 2716 989 2742 deest
1012 2715 1050 2748 B;
1078 2715 1117 2742 ib.
1145 2714 1261 2742 conteri
1289 2714 1323 2742 C.
1415 2721 1454 2748 17.
1481 2713 1567 2749 after
1586 2711 1791 2745 confessione,

481 2767 583 2790 tamen
604 2763 635 2789 in
655 2770 756 2798 marg.
779 2762 812 2789 B.
919 2761 959 2789 18.
987 2758 1045 2788 fffit
1065 2760 1104 2795 C;
1132 2761 1173 2788 ib.
1195 2765 1224 2787 et
1243 2760 1331 2787 deest
1347 2760 1386 2786 A.
1494 2757 1537 2785 23.
1559 2757 1634 2784 deus
1654 2757 1740 2784 deest
1758 2756 1790 2783 B.

481 2805 528 2832 24.
549 2797 693 2824 iustificat
712 2800 750 2825 A.
823 2795 870 2824 28.
889 2796 1026 2823 lacarum
1046 2796 1084 2823 A.
1157 2803 1204 2830 29.
1225 2794 1350 2822 instutis
1370 2794 1414 2828 A;
1435 2793 1555 2821 inscitis
1576 2792 1609 2819 C.

557 2871 606 2904 13.
633 2871 697 2902 See
723 2880 755 2912 p.
780 2870 852 2902 131.

1845 471 1900 502 Ps.

1815 517 1931 557 XXIX,

1854 565 1889 596 13

1806 609 1933 641 Ezech.

1810 656 1931 695 XVIH,

1852 712 1888 734 21

1803 887 1841 907 IO
1913 876 1935 906 1.

1806 1163 1842 1195 15

1804 1463 1845 1484 20

1805 1742 1844 1775 25

1841 1905 1918 1937 Joh.

1819 1952 1876 1992 Χῖ,
1895 1962 1941 1993 44
