2067 3298
220 909 258 930 10

221 1187 257 1220 15

159 1504 167 1512 0
219 1490 260 1511 ΖΟ

272 266 361 293 CAP.
383 265 464 293 vin.
741 267 800 298 DE
829 263 1134 298 BLASPHEMIA.
1799 256 1869 292 123

273 388 411 412 eorum
457 373 747 419 testimonium,
795 385 883 409 cum
937 372 1153 420 subiungit,
1208 374 1316 421 quod
1359 373 1496 409 volens
1542 384 1585 408 ex
1626 380 1709 406 licis
1730 380 1851 415 obliged

272 434 376 470 iusta
408 445 528 469 causa
562 431 743 468 confiteri
776 430 975 467 sacerdoti
1009 430 1124 467 alteri
1164 430 1375 467 licenciam
1409 431 1585 478 postulet
1619 415 1863 478 Ctpfflbefflllggvlese

273 501 309 528 et
342 490 534 535 obtineat,
569 503 659 526 cum
692 489 807 526 aliter
839 488 991 525 alienus
1014 490 1203 525 sacerdos
1233 502 1313 525 non
1337 497 1470 536 posset
1494 501 1584 524 eum
1642 485 1836 547 Γξέξοῇξῖἓι,

272 549 424 585 solvere
455 549 516 585 vel
549 547 685 596 ligare.
732 549 833 584 Ecce
867 546 1012 582 misera
1047 546 1271 595 captivacio
1311 546 1415 593 laici,
1463 558 1582 594 quem
1619 554 1753 590 wishing
1773 560 1803 582 ιο
1824 564 1861 590 go

272 616 431 655 oportet
476 614 615 643 contra
654 605 713 641 ius
752 604 833 653 poli
872 613 1007 652 petere
1048 614 1084 640 et
1124 606 1271 641 habere
1312 603 1523 641 licenciam
1564 616 1586 640 a
1649 592 1859 659 ζῗρέῑῗοὲξῖᾝκ

273 666 481 701 sacerdote
514 663 752 712 captivante,
788 671 1145 711 quantumcunque
1179 663 1323 699 stultus
1358 671 1395 699 et
1428 661 1586 698 invidus
1634 660 1793 722 {Itllffilsstks
1815 669 1853 712 ¹¹?

274 722 405 769 fuerit,
454 724 503 758 ad
549 721 776 758 faciendum
822 721 1067 757 voluntatem
1116 720 1190 765 dei,
1233 721 1325 769 quia
1370 721 1586 757 salutarem
1632 702 1637 728 ³
1695 703 1846 723 s1cion.

273 781 490 817 iusticiam!
537 779 659 824 Talis,
694 779 873 827 inquam,
908 778 947 814 in
981 778 1125 815 maiori
1158 788 1272 827 parte
1307 778 1515 826 preficitur
1549 787 1586 814 et

272 838 416 887 ydonei
449 838 826 886 presubtrahuntur.
876 838 1094 882 Quomodo
1129 849 1222 884 ergo
1256 845 1416 884 oportet
1449 845 1583 884 petere
1619 845 1706 872 Thus
1728 846 1764 872 he
1786 851 1870 874 must

272 896 482 933 licenciam
516 909 538 932 a
562 908 679 943 papa,
714 896 763 931 ab
787 894 977 942 episcopo
1000 895 1061 931 vel
1085 903 1238 939 curato,
1273 896 1435 943 quando
1461 894 1585 930 scitur
1602 880 1678 942 Πῗξξ
1694 881 1782 942 {gagg
1796 883 1880 944 νῖῒὴέῑ

273 956 381 1004 quod
413 955 472 990 lex
497 953 615 991 Cristi
648 952 857 989 licenciat?
890 955 980 989 Non
1013 962 1068 989 est
1101 953 1224 999 racio,
1259 953 1291 989 si
1324 965 1404 988 non
1426 961 1469 988 ut
1492 952 1585 988 ficta
1626 950 1863 1013 ξὴῇῑίῑὸἳξζθῇῃξὶῐ

273 1012 510 1050 obediencia
542 1011 661 1048 faciat
693 1010 889 1047 anticristi
924 1010 1141 1058 discipulos
1175 1010 1394 1058 superbire.
1795 1004 1803 1013 ι
1847 1008 1852 1013 “

331 1070 525 1107 Similiter
569 1069 808 1105 blasfemum
854 1077 891 1104 et
936 1068 1183 1104 contrarium
1225 1068 1300 1117 legi
1346 1067 1481 1116 papali
1528 1077 1584 1103 est
1600 1078 1737 1110 ssesides,
1759 1079 1820 1107 this
1844 1082 1869 1107 ts

274 1130 380 1177 quod
412 1127 497 1164 sine
529 1126 751 1164 sacerdotis
784 1125 936 1174 proprii
969 1125 1138 1163 licencia
1177 1126 1277 1162 alius
1317 1139 1397 1162 non
1437 1125 1584 1174 poterit
1642 1118 1838 1176 εοὲἳζὲξζὴῖο

273 1189 411 1223 datum
445 1185 648 1221 subditum
682 1185 833 1221 solvere
865 1184 925 1220 vel
958 1184 1096 1231 ligare,
1143 1184 1237 1232 quia
1275 1184 1330 1220 sic
1372 1184 1584 1231 episcopus
1632 1182 1857 1244 dilsfipliant

273 1258 353 1281 non
398 1252 531 1292 posset
574 1242 787 1279 licenciare
832 1241 1035 1278 subditum
1090 1243 1140 1278 ad
1193 1242 1465 1278 confitendum
1519 1242 1585 1278 alii
1636 1222 1852 1287 ssssffestlisffssssffe

275 1303 449 1339 discreto
488 1300 725 1349 presbitero,
771 1299 846 1336 nisi
886 1299 1095 1336 malivolus
1135 1309 1296 1336 curatus
1342 1299 1586 1336 consenciat.
1621 1296 1818 1358 juricssdffc’ssssgg
1840 1329 1870 1352 to

276 1362 367 1407 Sed,
414 1360 515 1396 sicut
560 1372 641 1395 non
685 1358 778 1395 licet
817 1357 949 1394 alieno
988 1367 1162 1394 tractare
1207 1370 1373 1394 uxorem
1407 1357 1585 1403 alterius,
1605 1358 1782 1420 Bfissotliler,
1805 1359 1852 1386 his

276 1418 403 1455 eciam
437 1417 529 1454 licet
561 1417 644 1466 ipse
679 1415 938 1463 consenserit,
972 1415 1027 1452 ita
1051 1416 1206 1452 videtur
1240 1417 1288 1452 de
1321 1416 1491 1452 ecclesia
1525 1415 1587 1452 cui
1630 1395 1883 1463 lgoogoiivltirtiiin

274 1477 409 1525 ydiota
433 1475 662 1524 symoniace
685 1477 964 1523 desponsatur.
999 1475 1112 1510 Unde
1137 1474 1275 1510 dicunt
1297 1483 1456 1522 satrape
1480 1475 1588 1522 quod
1648 1509 1669 1535 13
1694 1464 1801 1537 desg·
1821 1510 1837 1537 d

276 1535 377 1571 sicut
400 1547 506 1582 papa
529 1542 661 1582 potest
683 1532 898 1569 licenciare
921 1531 1170 1580 spiritualem
1196 1532 1319 1568 filiam
1339 1533 1399 1568 vel
1421 1544 1586 1568 uxorem
1646 1514 1768 1583 ecilifssrs
1789 1518 1837 1572 tiit—

275 1592 439 1629 tractari
463 1593 511 1628 ab
536 1601 683 1639 extero,
703 1591 826 1627 invito
850 1599 989 1627 curato
1013 1590 1092 1626 sive
1117 1590 1274 1637 marito,
1292 1590 1476 1626 similiter
1492 1591 1588 1626 deus
1610 1580 1879 1642 ξιῖῗῑεξξζῗέιῖδὶέᾓ

276 1650 490 1687 habilitans
524 1659 560 1686 et
593 1658 834 1698 potestatem
875 1649 1082 1685 conferens
1123 1648 1348 1697 cuicunque
1389 1647 1589 1685 sacerdoti
1628 1651 1692 1677 him
1713 1651 1763 1677 1¹10
1785 1650 1864 1685 right

276 1710 324 1746 ad
359 1708 604 1745 audiendum
630 1706 899 1744 confessiones
923 1706 1198 1755 cuiuscunque
1222 1706 1397 1753 alterius,
1433 1719 1478 1743 eo
1502 1706 1589 1754 ipso
1640 1685 1846 1748 Ῑςᾎῖἷὲἓξῑέῐῗέ,

277 1767 375 1803 illud
408 1766 607 1803 licenciat.
653 1765 693 1802 Si
726 1765 846 1813 igitur
879 1777 984 1813 papa
1016 1765 1076 1801 vel
1110 1764 1340 1813 quicunque
1380 1764 1481 1801 alius
1515 1765 1591 1800 hoc

278 1825 460 1873 impedit,
494 1833 550 1861 est
585 1823 794 1860 manifeste
826 1823 958 1860 Cristo
998 1822 1237 1859 contrarius.
1287 1824 1414 1859 Grave
1454 1822 1591 1870 itaque

279 1893 337 1920 est
370 1883 409 1918 in
442 1891 524 1919 tam
559 1882 764 1918 excellenti
797 1881 931 1917 officio
964 1880 1122 1929 spiritui
1155 1889 1294 1917 sancto
1328 1881 1525 1917 resistere.

337 1942 413 1977 Sed
445 1940 614 1977 tercium
647 1941 813 1976 verbum
847 1939 1109 1985 sacerdotale⁷
1157 1938 1195 1974 in
1229 1952 1307 1987 quo
1340 1939 1503 1987 ponitur
1535 1938 1591 1975 vis
1649 1953 1717 1980 The
1737 1952 1841 1979 words

279 1999 407 2035 tocius
431 1998 686 2045 sacramenti,
705 2007 761 2034 est
780 1997 898 2033 illud:
923 1997 1081 2032 absolvo
1098 2004 1145 2042 te,
1164 1996 1275 2033 cuius
1290 1996 1590 2041 fundacionem,
1605 1987 1883 2050 “gffebssfflss'eff}¹¹gg⁷⁷

223 2061 237 2094 Γ
280 2057 382 2094 sicut
414 2057 638 2105 penitencie
672 2054 1005 2104 descripcionem,
1040 2063 1097 2090 est
1131 2054 1292 2091 difficile
1325 2055 1520 2103 reperire;
1556 2063 1592 2090 et
1670 2058 1767 2085 found
1790 2058 1819 2084 in

280 2116 517 2152 blasfemum
538 2124 594 2151 est
610 2126 804 2163 reponere
824 2114 898 2149 deo
922 2112 1214 2160 negligenciam
1230 2114 1291 2149 vel
1314 2112 1590 2161 ignoranciam
1633 2093 1868 2154 S‘Zfssffisssseffisso

280 2186 359 2221 quo
404 2175 453 2209 ad
497 2173 608 2220 illud,
658 2172 768 2222 quin,
820 2171 924 2207 sicut
970 2170 1106 2207 docuit
1150 2171 1323 2207 formam
1376 2173 1591 2208 verborum
1610 2167 1888 2224 ngssggqfflgffibffsv

280 2230 483 2279 baptismi,
517 2231 572 2267 sic
605 2232 767 2268 doceret
791 2228 1001 2266 ecclesiam
1025 2229 1198 2265 formam
1222 2231 1435 2266 verborum
1461 2241 1593 2265 sacra-
1618 2241 1650 2259 as
1672 2233 1822 2267 Baptism‚
1844 2239 1879 2258 01⁴

283 2289 405 2325 menti
438 2289 675 2337 penitencie,
710 2288 741 2325 si
772 2288 889 2324 vellet
923 2287 1021 2322 illud
1055 2296 1353 2323 sacramentum
1391 2300 1475 2324 esse
1510 2295 1592 2323 tam
1663 2267 1835 2337 ῃῗὲἷὲςζῖᾒῗ

350 2455 379 2480 4.
400 2454 491 2481 quem
513 2446 599 2474 deest
615 2447 647 2473 B.
757 2448 784 2474 6.
799 2437 927 2473 *iffidus
948 2458 979 2469 z
999 2446 1181 2473 immundus
1202 2445 1236 2473 C.
1347 2454 1379 2472 11.
1403 2449 1434 2472 ut
1454 2445 1540 2472 deest
1556 2445 1594 2471 A.

282 2490 320 2509 21.
342 2482 387 2508 vel
410 2489 537 2508 uxorem
556 2481 643 2509 deest
660 2482 698 2515 ss;
727 2482 757 2509 in
778 2489 879 2517 marg.
901 2489 1025 2508 erasum
1046 2480 1080 2508 C.
1154 2487 1188 2507 22
1210 2484 1316 2507 curato
1338 2480 1402 2507 sive
1422 2481 1505 2507 deest
1524 2479 1594 2512 Ass3

282 2539 345 2566 sive
373 2539 504 2566 deletum
531 2538 566 2567 C.
674 2540 719 2567 28.
750 2524 821 2566 [ἔξω
840 2539 906 2567 AC.
1015 2546 1062 2573 29.
1090 2538 1268 2565 absolvente
1288 2539 1334 2572 A,
1362 2538 1491 2565 absolvo
1512 2541 1539 2564 te
1560 2536 1594 2564 C.

281 2573 309 2602 31
343 2575 490 2609 inponere
511 2575 568 2601 deo
589 2574 623 2601 C.

354 2667 407 2689 22.
435 2657 609 2689 Similiter
626 2664 688 2689 etc.
715 2658 726 2688 Ι
753 2657 850 2688 think
877 2667 976 2688 some
1003 2657 1119 2688 words
1147 2662 1239 2687 must
1265 2656 1306 2686 be
1333 2656 1485 2695 wanting
1503 2655 1596 2694 here,

284 2715 320 2735 as
346 2703 481 2747 Wyclif
510 2704 629 2734 makes
660 2704 714 2735 his
747 2704 961 2735 adversaries
993 2713 1052 2745 say
1080 2702 1148 2743 just
1172 2702 1267 2734 what
1291 2701 1373 2744 they
1401 2701 1596 2743 absolutely

285 2751 386 2792 deny.
425 2750 461 2788 If,
494 2749 671 2790 however,
704 2749 761 2781 the
789 2751 911 2781 reader
936 2756 1098 2781 ventures
1129 2756 1164 2780 to
1195 2756 1377 2790 transpose
1408 2747 1466 2779 the
1494 2748 1596 2779 order

285 2797 325 2828 of
354 2796 411 2827 the
445 2795 516 2827 first
548 2797 666 2827 words
704 2797 737 2827 in
775 2795 833 2827 the
872 2803 1035 2827 sentence
1072 2795 1169 2827 thus:
1213 2795 1312 2827 Unde
1350 2795 1438 2826 sicut
1476 2795 1597 2826 dicunt

286 2850 419 2884 satrape
439 2843 534 2884 quod
554 2852 653 2883 papa,
673 2850 736 2873 etc.
754 2861 796 2866 —
816 2842 873 2873 the
892 2853 992 2873 sense
1012 2843 1038 2873 is
1056 2842 1210 2873 restored
1230 2840 1379 2872 without
1404 2841 1597 2882 supposing

288 2889 455 2931 anything
480 2896 516 2920 to
533 2889 584 2920 ‘be
611 2889 775 2931 wanting.
