2067 3298
161 257 211 290 74
884 252 1108 284 ,IOHANNIS
1135 252 1321 283 WYCLIF
1610 250 1699 277 CAP.
1722 250 1759 276 V.

445 361 504 395 lex
544 359 757 405 contraria,
805 358 1015 395 ordinatur
1052 371 1126 407 pro
1166 357 1351 395 hereticis
1389 358 1430 394 in
1468 359 1553 405 lege
1592 359 1760 396 domini.

447 418 561 454 Unde
594 418 703 454 nulla
736 418 795 454 lex
831 417 982 463 mundi,
1016 416 1091 453 nisi
1124 418 1226 453 forte
1259 416 1377 453 fuerit
1409 417 1468 452 lex
1493 417 1759 463 machomete,

447 475 759 524 condempnavit
781 475 1021 521 convictum,
1045 474 1120 511 nisi
1144 474 1350 523 premittat
1373 486 1624 522 responsum.
1658 477 1759 511 Nam

446 534 486 569 in
520 533 629 570 finali
652 533 801 570 iudicio
825 533 1020 582 prescitus
1050 534 1241 570 concedet
1270 532 1587 569 irrevocabiliter
1611 532 1762 570 crimen

447 604 577 628 suum.
1779 593 1796 625 5

203 654 248 680 As
269 653 317 692 er
336 654 386 680 the
504 651 616 696 Item,
651 658 846 698 quantum
882 651 930 686 ad
964 648 1061 685 illud
1095 648 1379 697 apostaticum,
1413 656 1525 697 patet
1549 650 1657 697 quod
1680 661 1762 685 non

160 689 345 757 bjffiggssfnff
362 688 425 749 ἵξῃ
446 709 579 744 subest
603 707 725 754 racio,
750 707 825 743 nisi
848 707 949 743 forte
973 707 1063 743 talis
1092 708 1245 755 pseudo
1268 706 1362 743 velit
1396 706 1651 754 episcopatus
1675 706 1762 754 pin-

164 757 306 826 Ἧῇξὸξὲζξ
323 758 424 827 ἴζΥὲἶῗ
446 765 607 813 quiores
631 765 862 813 symoniace
885 765 1069 813 spoliare,
1104 765 1205 801 sicut
1230 764 1507 812 episcopatum
1532 764 1762 812 symoniace

174 827 215 854 fat
237 826 413 861 bishoprics
446 823 487 859 in
512 823 621 860 curia
645 823 893 872 perquisivit.
927 822 1165 871 Symoniace
1199 822 1307 868 dico;
1343 822 1436 871 quia
1469 835 1549 858 non
1583 822 1761 869 dubium,
1802 825 1825 856 I.

192 861 397 935 {2⁰0¹s'3nsssseiffi
447 881 477 918 si
522 890 687 929 propter
731 882 877 918 fastum
924 891 960 917 et
1004 882 1161 918 lucrum
1206 889 1354 917 statum
1402 880 1761 928 exproprietarium
1784 893 1822 914 10

168 942 420 1012 iviisshzepccirsnisn
447 939 635 988 pauperis
668 939 802 976 fratris
836 939 1009 976 deseruit
1043 948 1080 976 et
1111 952 1190 976 non
1214 948 1379 987 propter
1412 951 1591 975 amorem
1625 938 1764 975 salutis

165 1016 305 1046 apostate
325 1013 428 1039 unless
449 997 582 1034 anime
615 997 881 1044 subditorum,
915 1006 1009 1034 tunc
1043 1006 1100 1034 est
1134 997 1366 1034 manifestus
1399 996 1610 1033 hereticus.
1646 998 1761 1042 Quod

178 1047 417 1115 dgoffiqffiffaff
450 1055 632 1092 convinci
669 1055 830 1103 poterit,
870 1055 901 1092 si
935 1055 1169 1103 diligencius
1201 1064 1292 1104 post
1324 1068 1424 1092 onus
1458 1054 1631 1103 suscepti
1665 1054 1765 1103 regi-

211 1116 334 1165 humbre
354 1125 387 1144 as
450 1113 569 1150 minis
603 1122 715 1150 curat
747 1113 903 1150 animas
936 1114 1202 1160 subditorum,
1238 1122 1274 1150 et
1303 1113 1334 1149 si
1357 1112 1572 1149 servaverit
1594 1126 1765 1161 pauper-

240 1152 352 1179 betoxe.
448 1181 570 1209 tatem
598 1181 634 1208 et
657 1171 915 1220 penalitatem
940 1172 1073 1208 fratris
1106 1172 1280 1218 solitam,
1316 1184 1406 1208 cum
1432 1171 1575 1208 maiori
1606 1171 1766 1207 humili·
1787 1174 1821 1205 15

450 1240 531 1267 tate
547 1239 583 1267 et
600 1229 741 1267 ceteris
755 1229 991 1276 virtutibus;
1017 1243 1105 1266 cum
1127 1239 1262 1267 tamen
1278 1229 1353 1266 ista
1369 1230 1448 1266 sint
1464 1229 1766 1277 compossibilia

450 1289 659 1337 episcop03
694 1296 731 1325 et
762 1297 928 1336 propter
959 1288 1253 1336 perfeccionem
1289 1288 1444 1324 dimitti*
1468 1300 1550 1324 non
1580 1289 1764 1333 debeant,

452 1348 519 1383 sed
552 1346 701 1394 augeri.

198 1406 395 1476 bssolxiiriissg'21
508 1407 556 1440 Et
588 1405 690 1441 forte
724 1417 859 1440 coram
894 1405 969 1441 deo
1002 1413 1039 1440 et
1063 1406 1239 1440 humano
1272 1404 1422 1440 iudicio
1446 1403 1562 1452 pauci
1585 1404 1645 1439 vel
1667 1403 1767 1439 nulli

198 1476 262 1502 rich
286 1477 396 1512 bishop
451 1471 541 1499 sunt
585 1463 726 1499 fratres
769 1464 818 1499 ad
853 1462 1107 1510 episcopatus
1140 1461 1316 1510 pingwes
1350 1461 1540 1510 promoti,
1586 1461 1653 1510 qui
1686 1474 1767 1498 non
1784 1473 1852 1506 20·

169 1511 425 1580 ῗζῃὸιὲᾟῇξὲἰέἓέἷ
452 1529 696 1569 apostotant,
731 1520 825 1569 quia
858 1520 897 1556 in
930 1520 1123 1568 religione
1157 1520 1310 1556 domini
1344 1521 1617 1557 retrocedunt.
1664 1521 1765 1555 Nam

190 1580 411 1649 heglgffsspssutthe
452 1578 743 1627 perfeccionem
777 1578 930 1615 ordinis
965 1591 1085 1627 quam
1119 1587 1279 1626 oportet
1312 1591 1351 1615 se
1390 1577 1497 1626 ipsos
1531 1578 1765 1623 concedere,

199 1651 332 1684 neglems
353 1651 403 1677 the
452 1636 769 1685 pretermittunt,
794 1650 882 1673 cum
909 1645 968 1673 tot
996 1636 1152 1673 animas
1180 1645 1216 1673 et
1239 1645 1321 1673 tam
1348 1635 1552 1673 meritorie
1576 1635 1765 1672 edificare

165 1685 431 1752 pranciicigtcjgssiuists
452 1695 649 1743 poterint3
694 1696 761 1731 sed
807 1707 851 1731 ex
894 1694 1059 1743 antiqua
1101 1694 1305 1743 yppocrisi
1349 1694 1473 1743 patris
1511 1693 1571 1730 sui
1610 1702 1768 1730 servant

247 1755 358 1782 Order.
453 1752 683 1790 accidencia
705 1753 764 1789 sui
788 1752 959 1799 habitus,
976 1762 1019 1789 ut
1038 1753 1229 1800 colorem,
1246 1752 1512 1801 quantitatem
1538 1761 1576 1789 et
1598 1752 1765 1800 figuram
1784 1753 1824 1785 25

454 1811 732 1858 extrinsecam,
768 1820 805 1848 et
838 1811 1047 1847 dimittunt
1081 1811 1180 1847 ritus
1214 1811 1376 1859 penales
1416 1810 1687 1855 absconditos,
1727 1809 1767 1845 in

454 1869 598 1917 quibus
636 1882 708 1906 sua
748 1868 887 1917 religio
923 1866 927 1920 Ι
963 1878 1208 1916 servaretur3
1250 1868 1344 1918 quia
1383 1869 1557 1905 cultores
1598 1876 1634 1904 et
1674 1880 1768 1904 con·
1805 1871 1867 1911 43Β

454 1936 674 1964 secratores
721 1927 1013 1974 accidenciurn,
1064 1936 1273 1976 tamquam
1318 1927 1528 1977 generacio
1572 1926 1768 1973 adultera,
1807 1951 1892 1982 Luc.

210 1986 388 2034 liypocrsse,
453 1986 565 2036 signa
599 1993 773 2034 querunt.
824 1987 914 2031 Sed,
944 1986 1179 2037 yppocrita,
1218 1986 1295 2022 eice
1327 1985 1501 2035 primum
1540 1985 1687 2021 trahem
1723 1984 1769 2019 de
1794 1998 1906 2039 &7142

188 2021 321 2048 wouldst
341 2022 415 2049 thou
1843 2023 1850 2038 ⁷

226 2056 377 2091 deposea
456 2044 566 2079 oculo
611 2051 689 2091 tuo,
733 2051 768 2080 et
811 2051 900 2080 tunc
933 2044 1085 2093 poteris
1113 2044 1311 2092 festucam
1352 2044 1398 2078 de
1436 2043 1545 2079 oculo
1590 2041 1768 2091 episcopi
1785 2045 1827 2077 30

165 2090 439 2154 ξῆῗὲῐιξῖᾗοῗξξέῐῗξέ
454 2101 669 2151 confratris
701 2102 757 2137 tui
788 2103 1005 2137 detrahere.
1041 2101 1081 2138 Si
1115 2101 1220 2138 enim
1256 2102 1328 2138 sub
1361 2100 1611 2149 negligencia
1635 2113 1768 2148 symo-

176 2159 427 2230 Ofillssetshebtyicosufhre
454 2159 567 2196 niaca
615 2168 706 2195 sunt
750 2159 790 2195 in
834 2168 902 2196 tua
947 2159 1098 2196 diocesi
1144 2159 1251 2196 mille
1296 2159 1476 2205 heretici,
1515 2171 1594 2207 qua
1639 2159 1768 2194 fronte

235 2229 375 2257 diocese?
455 2217 629 2253 hortaris
661 2217 895 2266 episcopum
930 2219 1002 2253 sub
1035 2230 1138 2266 pena
1171 2217 1397 2254 amissionis
1431 2216 1637 2265 episcopii,
1662 2217 1769 2265 quod

455 2275 495 2311 in
540 2276 630 2312 loco
675 2284 860 2324 exempto
901 2277 1172 2324 condempnet
1211 2284 1421 2324 tamquam
1462 2274 1683 2311 hereticum
1730 2273 1769 2310 in

523 2408 548 2437 3.
575 2409 816 2444 condempnabit
836 2409 870 2437 C.
979 2417 1004 2445 7.
1031 2409 1112 2436 volet
1131 2408 1166 2436 C.
1275 2416 1303 2444 9.
1332 2408 1360 2436 in
1383 2413 1536 2435 contratta
1556 2413 1640 2436 curta
1654 2416 1717 2444 pro
1737 2417 1767 2436 in

455 2456 539 2483 curia
559 2456 591 2483 B.
672 2464 706 2484 11.
727 2455 831 2483 fratris
851 2457 937 2484 deest
956 2456 1022 2484 AC.
1102 2463 1142 2483 12.
1163 2459 1236 2483 tunc
1255 2455 1343 2482 deest
1359 2455 1397 2482 A.
1471 2453 1508 2482 13.
1531 2463 1610 2482 onus
1631 2455 1716 2482 deest
1735 2454 1767 2481 B.

456 2512 495 2541 18.
516 2513 585 2548 augi
604 2514 644 2541 A.
711 2513 753 2541 25.
775 2513 840 2541 sine
860 2513 965 2541 habitu
986 2514 1024 2541 A.
1089 2521 1134 2549 27,
1155 2512 1200 2540 28.
1222 2499 1417 2540 conseE‘t‘ores
1437 2512 1471 2540 C.
1536 2511 1575 2540 31.
1597 2511 1715 2540 deicere
1735 2512 1767 2539 Β.

530 2606 579 2628 12.
604 2597 739 2640 Wyclif
760 2607 880 2629 names
906 2597 1068 2640 nobody3
1094 2597 1156 2628 but
1179 2596 1234 2628 his
1253 2596 1551 2638 contemporaries
1570 2601 1663 2626 must
1680 2594 1769 2626 have

455 2643 585 2675 known
616 2650 727 2686 pretty
758 2643 837 2675 well
875 2643 994 2675 whom
1032 2643 1076 2675 he
1114 2654 1185 2674 was
1224 2643 1436 2684 describing:
1475 2652 1493 2673 a
1526 2641 1597 2673 rich
1630 2640 1768 2682 bishop‚

457 2689 581 2720 author
599 2689 638 2720 of
651 2689 709 2721 the
727 2689 867 2721 scheme
884 2690 929 2721 he
947 2690 1087 2729 attacks,
1107 2690 1173 2721 and
1193 2689 1358 2732 formerly
1376 2699 1394 2720 a
1414 2689 1519 2720 Friar.
1546 2688 1581 2720 In
1603 2687 1666 2719 Ch.
1683 2687 1769 2726 XIII,

455 2735 499 2767 he
525 2746 604 2778 says
631 2736 795 2778 “quidam
813 2738 941 2778 frater
959 2736 1153 2769 Londoniis
1173 2761 1179 2768 .
1199 2759 1207 2767 .
1227 2759 1234 2767 .
1254 2735 1409 2767 asseruit
1427 2735 1568 2776 publice
1593 2734 1768 2766 hominem

457 2782 532 2814 sine
568 2792 734 2822 responso
771 2782 1044 2815 comburendum
1085 2786 1254 2824 tanquam
1287 2780 1516 2814 lzereticum.”
1554 2778 1706 2821 Though
1745 2780 1770 2810 it

457 2829 486 2859 is
519 2834 579 2859 not
609 2829 708 2859 usual
735 2835 769 2859 to
796 2829 859 2860 call
886 2839 904 2859 a
930 2828 1060 2870 Bishop
1087 2828 1226 2868 “friar”,
1259 2827 1327 2859 this
1360 2838 1439 2870 may
1472 2826 1560 2858 have
1591 2826 1680 2857 been
1711 2824 1769 2857 the

459 2884 554 2905 same
581 2885 719 2917 person.
745 2874 843 2906 After
861 2875 997 2916 poterit
1022 2876 1033 2906 J
1060 2874 1187 2907 should
1215 2874 1341 2917 supply
1366 2873 1576 2916 quaerendo.
