2067 3298
180 906 218 927 10

183 1187 218 1219 [5

180 1489 222 1510 20

158 1537 198 1568 N.

183 1769 222 1801 25

184 2061 225 2094 30

230 263 318 291 CAP.
339 264 351 290 I
686 264 746 295 DE
774 263 1080 295 BLASPHEMIA.

1789 265 1834 299 ῐ7

231 384 301 419 per
338 373 459 408 verba
505 371 610 416 ficta,
658 371 888 407 crederetur
933 369 1006 406 sibi
1045 368 1172 405 inesse
1216 381 1307 405 vera
1351 367 1608 413 scienci33To
1630 374 1839 413 saytthatthe

231 429 332 466 sicut
355 442 426 477 per
449 441 574 477 opera
604 441 791 476 perversa
815 427 991 464 creditur
1024 427 1152 463 inesse
1186 426 1390 474 apostasia
1425 435 1548 474 atque

231 487 422 524 stulticia.
456 487 515 523 Illi
548 495 682 523 autem
715 486 783 535 qui
815 486 1000 522 nituntur
1033 485 1183 533 fingere
1217 485 1347 521 claves
1381 484 1548 521 ecclesie

231 558 312 581 non
335 558 418 581 esse
441 544 659 582 scienciam
683 543 936 581 discernendi
960 552 996 580 et
1019 543 1189 580 sanandi
1213 544 1375 579 morbos
1396 542 1547 588 ovium,

231 605 300 640 sed
337 604 489 639 nudam
535 602 781 651 potenciam,
828 602 998 650 fingunt,
1044 614 1090 638 ac
1135 601 1166 637 si
1205 600 1384 637 dicerent
1429 601 1547 636 deum

231 674 347 698 suum
383 674 466 697 esse
490 670 698 709 potentem
734 670 771 697 et
798 673 880 697 non
912 660 1156 708 sapientem:
1192 658 1294 695 sicut
1318 658 1551 695 diffamatur

233 719 430 756 diabolus.
464 721 545 755 Nos
573 728 721 765 autem,
756 718 868 755 sicud
902 717 1192 766 distingwimus
1215 726 1371 765 patrem
1397 730 1419 753 a
1452 715 1547 761 filio,

231 790 304 815 nec
341 790 466 813 unum
506 790 622 826 posse
661 789 745 814 esse
784 777 867 813 sine
908 776 1000 823 alio,
1046 776 1102 813 sic
1140 775 1180 812 in
1219 784 1381 824 pastore
1432 773 1551 811 Cristi

232 835 383 872 vicario
425 848 506 872 non
546 837 665 872 datur
704 844 883 883 potestas
925 835 1087 882 regendi
1122 834 1206 870 sine
1240 833 1434 880 sciencia3
1480 844 1553 869 nec

235 906 254 930 e
289 902 441 930 contra.
489 893 672 930 Sciencia
712 902 847 930 autem
888 893 927 929 in
967 906 1044 941 qua
1085 901 1247 940 oportet
1291 892 1423 940 ipsum
1465 903 1554 939 pre-

234 953 391 998 cellere,
438 961 495 988 est
535 952 632 988 fides
677 951 887 1000 scripture,
933 964 1024 987 cum
1070 950 1221 987 noticia
1266 951 1362 998 legis
1403 949 1465 985 dei
1506 948 1555 984 sit

234 1010 429 1059 requisita
463 1011 513 1046 ad
548 1009 726 1058 regimen
760 1009 1004 1048 animarum.
1038 1011 1128 1045 Non
1161 1010 1305 1057 loquor
1339 1017 1472 1044 autem
1508 1008 1556 1042 de

234 1068 408 1105 sciencia
439 1067 687 1116 disputandi,
721 1069 789 1104 sed
814 1069 862 1104 de
894 1066 1046 1103 noticia
1079 1067 1373 1103 beatitudinem
1409 1065 1484 1102 sibi
1519 1073 1556 1101 et

235 1127 386 1175 populo
425 1125 684 1174 adquirendi:
725 1138 802 1174 que
835 1125 1022 1171 sciencia,
1063 1125 1166 1161 sicut
1198 1124 1315 1161 infuit
1348 1123 1555 1172 apostolis,

235 1184 292 1221 sic
326 1193 362 1220 et
396 1184 577 1232 regimen
610 1184 855 1221 animarum.

291 1242 436 1279 Tereia
480 1242 689 1279 blasfemia
732 1251 872 1278 contra
912 1241 1099 1290 spiritum
1140 1250 1325 1277 sanctum
1367 1248 1425 1276 est
1464 1239 1557 1275 ficta

235 1301 533 1346 benevolencia,
579 1313 657 1350 qua
697 1300 870 1337 vicarius
910 1299 1106 1336 anticristi
1159 1299 1352 1336 mentitur
1390 1310 1430 1334 se
1469 1296 1558 1345 jura

237 1358 356 1396 Cristi
403 1359 630 1406 defendere,
677 1371 723 1395 ac
769 1358 904 1394 debita
949 1371 1095 1406 sponse
1140 1370 1208 1394 sue
1255 1357 1423 1405 exigere,
1476 1368 1556 1391 non

236 1426 403 1466 propter
447 1417 710 1453 affeccionem
757 1430 878 1465 quam
926 1417 1046 1452 habet
1090 1417 1141 1452 ad
1188 1414 1442 1463 temporalia,
1489 1414 1558 1450 sed

238 1484 403 1524 propter
429 1476 600 1512 salutem
631 1475 764 1511 anime
798 1474 1026 1521 detinentis,
1062 1483 1099 1511 et
1131 1483 1346 1522 propterea
1378 1480 1559 1509 versatur

237 1542 368 1570 totum
410 1533 589 1581 regimen
631 1533 797 1570 ecclesie
837 1532 944 1569 circa
976 1533 1064 1569 ista.
1111 1534 1189 1569 Sed
1228 1532 1304 1569 ista
1344 1530 1559 1579 duplicitas

239 1595 376 1641 (quam
402 1591 566 1640 spiritus
591 1600 752 1628 sanctus
776 1591 951 1639 effugiet)
985 1604 1028 1627 ex
1052 1592 1128 1627 hoc
1151 1589 1416 1635 convincitur,
1452 1589 1560 1637 quod

240 1650 375 1686 deficit
414 1658 593 1698 potestas
632 1662 736 1698 pape
774 1649 996 1685 aufferendi
1036 1649 1111 1685 ista
1154 1658 1313 1685 terrena
1354 1660 1430 1696 que
1468 1659 1561 1683 ven-

240 1708 348 1744 dicat
388 1721 410 1744 a
450 1708 635 1756 proximo
675 1709 950 1757 subtrahente.
996 1710 1103 1743 Deus
1143 1716 1291 1753 autem,
1332 1706 1363 1742 si
1402 1714 1561 1741 tantum

240 1766 545 1814 appreciaretur
568 1767 638 1802 has
661 1765 949 1814 temporalium
966 1765 1250 1813 possessiones,
1275 1766 1390 1801 daret
1411 1762 1561 1800 vicario

242 1837 314 1860 suo
329 1824 559 1873 potenciam
585 1826 635 1860 ad
658 1824 747 1860 illas
771 1824 1065 1872 adquirendum
1091 1833 1128 1860 et
1152 1825 1407 1868 servandum,
1433 1821 1561 1857 eciam

241 1882 368 1919 invito
402 1882 632 1919 adversario
665 1882 941 1930 impugnante.
988 1882 1052 1918 Sic
1092 1881 1198 1918 enim
1233 1883 1300 1918 dat
1334 1880 1414 1917 suis
1450 1888 1562 1927 pote-

242 1949 387 1977 statem
422 1940 662 1989 adquirendi
696 1949 733 1976 et
765 1940 951 1977 servandi
978 1940 1158 1986 virtutes,
1194 1939 1326 1976 invitis
1360 1938 1561 1983 hostibus;

242 2012 332 2035 cum
372 1998 497 2035 virtus
542 2011 612 2047 per
651 1998 902 2046 pacienciam
941 1998 1087 2035 iniurie
1125 1997 1278 2034 inimici
1318 1996 1560 2045 adquiritur,

243 2067 279 2094 et
313 2057 469 2106 quesita
501 2070 583 2093 non
612 2057 794 2105 perditur
827 2056 903 2093 nisi
937 2056 1073 2105 gratis,
1109 2056 1237 2093 eciam
1270 2065 1355 2092 toto
1390 2054 1562 2091 exercitu

242 2115 497 2152 diabolorum
532 2124 569 2152 et
602 2114 814 2152 hominum
849 2115 1058 2151 renitente.
1094 2115 1282 2151 Defectus
1315 2113 1436 2162 igitur
1459 2125 1562 2161 pape

242 2173 435 2222 querendi
468 2182 505 2209 et
537 2173 721 2210 servandi
754 2173 999 2221 temporalia
1032 2174 1176 2210 docent
1214 2180 1419 2221 apostatas
1454 2171 1562 2219 quod

241 2245 323 2269 non
362 2231 402 2268 in
440 2232 510 2268 tali
551 2244 689 2268 eorum
729 2231 982 2279 possessione
1021 2230 1321 2279 beneplacitum
1362 2229 1435 2266 fuit
1474 2230 1564 2266 deo.

241 2290 368 2326 Aliter
402 2289 506 2327 enim
541 2299 747 2338 oporteret
780 2291 1001 2327 concedere
1034 2290 1228 2326 blasfeme
1253 2290 1361 2338 quod
1384 2288 1424 2324 in
1449 2287 1563 2324 bonis

312 2455 327 2474 2
348 2448 426 2475 sicut
446 2447 527 2475 enim
549 2446 590 2481 C3
612 2447 652 2474 ib.
674 2451 702 2474 et
722 2447 762 2480 C;
790 2447 827 2474 ib.
849 2455 942 2482 opera
965 2455 1109 2482 perversa
1130 2447 1217 2482 signa
1238 2454 1253 2472 a
1279 2444 1393 2472 ostasie
1414 2444 1444 2472 in
1460 2452 1563 2480 marg.

242 2491 308 2517 sup.
322 2482 356 2510 C.
413 2483 441 2509 6.
457 2482 542 2509 sicud
558 2483 596 2509 A.
653 2490 679 2516 7.
695 2482 845 2518 dyabolus
857 2482 925 2515 DE;
941 2482 980 2509 ih.
996 2482 1081 2509 sicud
1095 2481 1177 2508 deest
1191 2481 1229 2515 133
1244 2481 1257 2507 i
1277 2502 1282 2507 .
1299 2480 1507 2515 distigwimus
1520 2480 1562 2513 l.);

243 2517 281 2544 ib.
303 2526 319 2544 a
340 2517 401 2544 filio
422 2517 510 2544 twice
529 2517 567 2544 A.
660 2516 686 2544 8.
708 2525 775 2543 esse
796 2517 882 2544 deest
900 2518 937 2544 A.
1013 2525 1054 2544 10.
1077 2525 1135 2552 que
1159 2515 1291 2544 sciencia
1311 2519 1339 2542 et
1360 2519 1496 2549 potestas
1518 2522 1564 2541 re-

244 2552 409 2586 quiruntur
430 2552 466 2578 ad
488 2552 605 2578 clavem
626 2554 656 2578 in
678 2559 780 2578 mare.
802 2551 860 2586 inf.
883 2551 917 2579 C.
1022 2560 1063 2584 14.
1086 2551 1265 2587 acquirendi
1287 2550 1328 2583 (ῖς
1356 2549 1394 2576 ib.
1417 2549 1503 2576 sicud
1524 2550 1563 2576 A.

246 2587 287 2625 16.
309 2586 378 2614 ficta
398 2587 614 2625 benevolencia
634 2587 730 2613 tercia
748 2572 911 2613 blasfemia
932 2586 962 2613 in
984 2594 1087 2622 marg.
1110 2586 1168 2622 inf.
1192 2585 1225 2613 C.
1324 2593 1363 2618 17.
1387 2584 1564 2611 benivolen-

245 2629 290 2648 cia
311 2621 438 2652 ACDE:
460 2622 498 2648 ib.
522 2625 605 2648 mtur
626 2621 661 2647 D.
726 2628 767 2654 ις).
790 2629 844 2655 per
861 2629 921 2656 pro
944 2625 1071 2656 propter
1086 2621 1120 2649 C.
1171 2627 1286 2654 19—20.
1310 2619 1362 2646 sed
1386 2623 1512 2654 propter
1531 2634 1564 2638 —

246 2657 298 2683 sed
332 2657 389 2683 ista
421 2656 452 2682 in
484 2664 587 2692 marg.
621 2655 680 2691 inf.
713 2656 779 2682 alia
813 2664 907 2682 manu
940 2656 1013 2682 add.
1047 2656 1083 2682 D.
1175 2663 1219 2682 22.
1255 2659 1380 2681 sanctus
1412 2655 1497 2681 deest
1529 2653 1563 2681 C.

245 2689 288 2717 23.
317 2691 432 2725 populo
454 2698 517 2725 pro
546 2698 624 2725 pape
651 2692 696 2724 A;
724 2691 882 2717 auferendi
904 2690 936 2717 E.
1064 2691 1110 2717 26.
1138 2690 1174 2716 ad
1204 2690 1271 2716 illas
1300 2690 1473 2724 potenciam
1494 2688 1563 2721 DE;

245 2725 283 2752 ib.
304 2726 528 2760 acquirendum
550 2724 584 2752 C.
685 2733 730 2760 27.
753 2729 907 2760 pugnante
929 2725 969 2759 C,
996 2725 1189 2760 impugnante
1210 2724 1250 2755 C:
1280 2724 1481 2759 impugnante
1502 2723 1566 2750 alia

246 2768 339 2787 manu
358 2760 430 2787 add.
456 2761 488 2786 l).
580 2758 624 2786 28.
647 2760 826 2793 acquirevdi
848 2760 889 2793 Cg
913 2760 950 2786 ih.
973 2760 1068 2786 eciam
1091 2759 1196 2786 invitis
1217 2759 1306 2786 CDE.
1398 2766 1444 2793 29.
1467 2759 1496 2785 in
1519 2758 1565 2785 in—

245 2795 324 2822 iurie
345 2794 379 2829 C,
402 2796 431 2821 in
454 2794 519 2821 alia
539 2803 632 2821 manu
652 2794 724 2821 add.
747 2794 790 2828 D3
818 2802 901 2822 corr.
923 2794 962 2828 E,
991 2795 1030 2821 ib.
1052 2794 1221 2829 acquiritur
1242 2793 1275 2821 C.
1357 2792 1396 2820 31.
1419 2793 1566 2828 dyabolo-

248 2837 316 2856 rum
339 2829 378 2862 Ἐς
407 2830 444 2856 ih.
468 2831 627 2856 remittente
650 2829 690 2861 [)·.
721 2829 893 2863 remittente
915 2829 947 2855 E.
1044 2828 1086 2856 32.
1108 2828 1308 2862 Temporalia
1329 2828 1466 2855 cumulat
1487 2836 1523 2862 pa
1551 2836 1566 2854 a

248 2872 309 2903 μοι]
326 2864 496 2891 secundum
519 2864 609 2891 deum
632 2864 662 2891 in
684 2872 785 2900 marg.
811 2872 876 2899 sup.
899 2863 939 2897 C;
967 2864 1004 2890 ib.
1027 2864 1150 2891 doceret
1171 2863 1267 2897 CDE3
1288 2863 1325 2889 ib.
1348 2867 1508 2898 apostotus
1528 2836 1564 2889 B.

247 2897 290 2926 33.
312 2899 404 2926 fuerit
425 2899 458 2926 C.
533 2897 579 2932 34.
601 2899 748 2925 blasfeme
768 2899 936 2925 concedere
957 2898 991 2926 C.

1409 2956 1425 2977 2

1604 410 1676 444 keys
1697 409 1794 444 imply

1573 452 1678 479 power
1698 443 1831 470 without

1581 479 1714 506 wisdom
1736 478 1762 505 is
1783 486 1820 504 an

1573 513 1686 540 absurd
1709 513 1831 545 ficti0n;

1592 549 1643 575 the
1665 548 1757 574 Vicat·
1777 547 1811 574 of

1597 583 1702 610 Christ
1723 587 1805 609 must

1575 618 1651 644 have
1673 618 1762 651 both3
1784 617 1835 643 the

1590 652 1771 686 knowledge
1791 652 1827 678 of

1571 687 1653 723 Holy
1668 686 1762 720 VVrst,
1784 690 1837 713 not

1579 722 1756 755 scholastic,
1779 721 1832 748 but

1628 756 1784 792 practical.

1600 1245 1652 1272 ΠΙ.
1674 1243 1816 1280 Feigned

1603 1280 1816 1307 benevolence.

1625 1314 1693 1342 The
1713 1315 1796 1349 Pope

1598 1350 1743 1386 pretends
1763 1349 1830 1376 that

1618 1384 1665 1411 his
1685 1385 1754 1411 love
1775 1383 1809 1410 of

1574 1420 1725 1454 tempora}
1746 1426 1851 1454 power

1575 1454 1724 1490 proceeds
1737 1454 1851 1488 merely

1602 1489 1684 1516 from
1705 1489 1823 1524 charity

1575 1524 1634 1551 and
1656 1524 1717 1550 zeal
1740 1524 1787 1550 for
1801 1523 1853 1549 the

1575 1558 1727 1586 Church's
1740 1558 1849 1593 rights.

1610 1594 1668 1621 But
1688 1593 1713 1620 if
1730 1593 1816 1620 these

1612 1628 1811 1664 possessions

1576 1672 1656 1690 were
1677 1670 1851 1698 necessary,

1612 1698 1683 1725 God
1705 1697 1810 1724 would

1612 1741 1707 1760 never
1728 1733 1818 1759 allow

1621 1769 1704 1795 them
1726 1772 1756 1794 to
1778 1767 1814 1794 be

1577 1804 1665 1830 taken
1681 1803 1762 1830 from
1779 1802 1854 1835 him,

1586 1847 1645 1874 any
1667 1846 1753 1865 more
1775 1837 1846 1864 than

1577 1873 1634 1901 His
1661 1880 1751 1908 grace
1770 1871 1851 1899 from

1602 1908 1657 1935 l-lis
1679 1910 1829 1934 servants.

1611 2000 1678 2028 The
1699 1998 1811 2034 Pope's

1577 2040 1661 2062 want
1681 2035 1715 2062 of
1733 2041 1855 2061 success

1578 2071 1683 2098 shows
1701 2070 1766 2096 that
1784 2068 1854 2095 God

1594 2106 1620 2133 is
1641 2110 1695 2132 not
1716 2103 1838 2140 pleased

1639 2139 1714 2167 with
1735 2139 1795 2166 this

1641 2175 1793 2209 temporal

1660 2217 1776 2245 power.
