2067 3298
114 425 151 454 L.

190 246 278 273 CAl‘.
300 246 395 273 XVII.
644 248 704 279 DE
731 247 1039 278 BLASPHEMIA.

190 367 308 403 quem
348 354 504 391 facilius
539 366 683 402 capere
722 362 869 401 posset,
917 353 1157 399 dimitteret;
1203 354 1300 389 deus
1339 352 1503 389 indubie

190 412 412 460 requireret
459 413 507 448 ab
556 411 632 447 illis
680 411 884 448 racionem
935 411 1085 447 credite
1132 410 1357 459 potestatis.
1421 412 1503 447 Nec

190 470 355 506 dubium
396 470 493 518 quin
530 470 606 506 ista
644 469 694 505 sit
734 482 854 506 causa
897 482 1021 517 quare
1059 478 1118 505 tot
1158 469 1426 505 dissensiones
1468 477 1503 504 et

192 541 400 564 murmura
433 528 598 564 suntin
636 528 785 575 regnis3
831 536 929 574 tum,
976 527 1070 575 quia
1114 527 1154 563 in
1199 527 1267 562 illa
1312 539 1503 563 mamona

157 586 417 624 5comunitas
446 598 489 621 ex
512 585 736 633 particione
769 584 907 633 iniqua
940 584 1164 621 comuniter
1197 584 1323 632 magis
1348 593 1500 632 peccat,

1712 239 1789 285 267

1558 418 1607 446 No
1628 419 1756 444 wonder

1535 454 1599 479 that
1619 453 1703 479 there
1723 460 1773 479 are

1564 487 1758 515 dissensions

1598 523 1646 550 for
1667 522 1716 549 the

1557 557 1751 591 community

1534 592 1640 619 shares
1661 591 1732 618 both
1752 591 1782 618 in

1534 628 1582 654 the
1604 627 1651 653 sin
1672 627 1730 653 and
1752 626 1781 652 in

190 644 282 680 ideo
316 643 426 680 racio
460 643 579 691 exigit
613 645 720 692 quod
753 643 793 678 in
826 643 895 679 illa
928 643 1140 679 comunius
1173 642 1384 690 puniatur3
1418 652 1794 697 Ulmthepunishment:

191 702 317 738 eciam
364 701 458 749 quia
496 703 544 737 ab
585 701 885 749 exemplacione
931 701 1025 737 cleri
1070 700 1175 737 circa
1219 700 1328 737 illam
1376 699 1502 748 magis

192 760 388 808 profunde
421 759 608 797 afficitur.
660 760 752 795 Ideo
786 771 947 795 necesse
981 768 1038 795 est
1072 760 1181 806 quod
1213 770 1358 806 pugne,
1398 758 1501 804 lites,

192 817 477 854 contenciones
512 827 549 853 et
581 816 909 853 conversancium
945 816 1145 853 discordie
1178 816 1256 852 sint
1290 816 1502 852 comunius

139 875 297 913 iocirca
344 875 470 911 illam.
536 875 576 911 Si
624 875 729 911 enim
779 875 906 910 clerus
954 874 1347 922 prepossessionatus
1395 874 1504 921 regni

192 933 318 969 nostri
352 933 625 981 preposuisset
649 934 725 969 hoc
757 945 865 969 anno
898 932 1113 980 pedagium
1137 932 1220 980 regi
1244 945 1316 978 pro
1341 932 1504 980 populo,

192 991 287 1039 quid
329 1003 489 1027 necesse
528 991 666 1026 fuisset
705 991 899 1039 populum
941 999 1080 1026 contra
1113 990 1300 1026 dominos
1333 999 1413 1026 tam
1449 990 1506 1025 in-

192 1049 323 1085 debite
352 1048 568 1085 surexisse?
600 1050 682 1085 Nec
715 1048 881 1085 dubium
915 1048 1011 1096 quin
1043 1048 1152 1084 nulla
1184 1047 1308 1084 tercia
1342 1048 1506 1084 ecclesie

193 1106 369 1143 inmunis
414 1106 483 1143 sit:
532 1106 772 1152 comunitas‚
818 1106 912 1154 quia
956 1106 1133 1142 indebite
1178 1115 1215 1142 et
1259 1106 1506 1153 impacienter

139 1170 175 1202 15
193 1164 376 1201 homines
398 1164 529 1200 omnis
563 1164 717 1212 generis
751 1164 986 1212 punierunt3
1021 1173 1058 1200 et
1082 1163 1248 1209 domini,
1284 1163 1377 1211 quia
1401 1165 1505 1200 bona

192 1235 416 1270 pauperum
450 1222 660 1270 inprovide
693 1231 950 1270 receperunt3
985 1231 1022 1258 et
1045 1222 1210 1257 omnino
1244 1222 1385 1267 clerus,
1420 1231 1502 1257 tum

193 1280 287 1328 quia
310 1292 508 1328 pauperes
532 1281 579 1316 de
601 1281 752 1328 populo
775 1279 977 1328 corporali
1001 1279 1179 1316 subsidio
1202 1292 1283 1315 non
1306 1279 1503 1319 iuverunt,

193 1347 276 1374 tum
311 1338 452 1384 eciam,
493 1338 588 1386 quia
620 1350 692 1374 nec
725 1339 918 1385 wulgares
953 1350 1091 1385 regum
1125 1338 1402 1373 obedienciam
1436 1339 1506 1373 do-

194 1405 373 1432 cuerunt.
409 1396 449 1432 Si
474 1396 579 1432 enim
614 1396 792 1444 episcopi
817 1405 853 1432 et
876 1405 1053 1432 rectores
1087 1395 1213 1432 eciam
1248 1395 1504 1431 medietatem

136 1470 178 1491 20
193 1454 253 1490 sui
285 1454 476 1502 superflui
501 1456 550 1490 ad
574 1454 672 1490 illud
706 1454 909 1490 dedissent
941 1453 1065 1499 laicis,
1099 1462 1195 1489 tunc
1228 1466 1318 1489 cum
1342 1453 1506 1501 paribus

193 1521 324 1549 totum
358 1512 456 1548 illud
490 1511 744 1560 dispendium
778 1511 1062 1560 precavissent.
1097 1513 1145 1547 Et
1170 1524 1318 1556 revera,
1354 1511 1419 1547 ille
1444 1511 1507 1547 cui

194 1579 285 1607 sunt
329 1579 507 1606 stercora
553 1569 839 1618 temporalium
887 1570 1045 1606 cariora
1090 1578 1203 1606 tanto
1248 1571 1354 1605 bono
1399 1569 1507 1617 pacis

194 1627 397 1676 provincie
441 1628 663 1675 proditorie
707 1636 879 1676 occupat
916 1628 1003 1676 ipsa
1044 1629 1162 1674 bona,
1209 1636 1245 1663 et
1284 1627 1349 1663 ille
1387 1628 1509 1663 frater

195 1686 264 1735 qui
296 1699 378 1722 non
409 1687 503 1722 wult
535 1687 678 1722 docere
718 1687 912 1734 populum
953 1687 1158 1734 quomodo
1192 1687 1239 1721 de
1271 1686 1356 1733 lege
1391 1685 1508 1722 Cristi

138 1750 178 1782 25
195 1744 376 1780 obediret
416 1743 603 1789 dominis,
648 1753 690 1780 ut
723 1753 831 1792 patet
870 1745 917 1779 de
950 1743 1080 1780 Cristo
1113 1752 1150 1779 et
1182 1743 1261 1779 suis
1301 1743 1506 1791 apostolis.

195 1802 318 1839 Cuius
351 1801 460 1838 racio
492 1801 662 1847 videtur⁷
708 1802 803 1850 quia
841 1815 921 1838 non
961 1801 1081 1838 infert
1119 1802 1277 1838 lucrum
1316 1801 1506 1837 fratribus

195 1862 242 1896 de
274 1860 532 1908 wulgaribu5‚
573 1873 673 1908 quos
707 1860 842 1897 taliter
874 1861 1144 1896 hortarentur.
1198 1859 1279 1905 Ille,
1324 1858 1505 1908 inquam,

194 1919 317 1954 frater
361 1917 565 1954 modicum
611 1926 679 1954 aut
723 1917 848 1954 nichil
897 1918 1127 1954 hortaretur
1174 1916 1360 1953 dominos
1406 1926 1506 1954 tem-

194 1976 353 2024 porales
397 1978 447 2012 ad
492 1975 811 2012 misericordiam
846 1988 966 2024 super
996 1976 1149 2023 wulgus
1180 1975 1241 2011 vel
1279 1974 1409 2022 ipsum
1455 1977 1505 2012 ad

138 2041 178 2072 30
194 2034 430 2070 obedienter
462 2035 681 2082 petendum
723 2033 1044 2070 misericordiam
1079 2042 1116 2070 et
1148 2032 1404 2069 serviendum
1439 2034 1508 2069 do-

195 2091 326 2139 minis⁷
372 2092 475 2128 sicut
506 2091 599 2127 fecit
632 2092 850 2139 apostolus.
904 2093 952 2127 Et
985 2090 1148 2127 racione
1182 2099 1239 2127 est
1280 2092 1389 2138 quod
1421 2103 1508 2139 pre-

195 2149 366 2198 diligunt
399 2151 446 2186 de
479 2151 676 2186 ambobus
723 2149 934 2186 contrariis
973 2149 1060 2196 plus
1099 2150 1204 2185 bona
1243 2161 1314 2185 sua
1353 2159 1507 2197 tempo-

196 2208 295 2244 ralia
340 2221 462 2256 quam
510 2207 783 2244 salvacionem
823 2216 861 2244 et
901 2219 1042 2254 pacem
1089 2215 1286 2253 mutuam,
1329 2207 1391 2243 vel
1430 2206 1509 2243 alia

194 2265 420 2313 spiritualia
454 2267 558 2302 bona
591 2265 666 2301 dei.
707 2268 755 2302 Et
787 2265 878 2301 ideo
911 2273 1003 2300 sunt
1037 2264 1217 2312 duplices
1250 2273 1288 2300 et
1320 2266 1510 2301 vecordes

137 2327 176 2361 35
195 2337 285 2360 cum
318 2323 402 2360 istis
435 2323 629 2371 partibus,
665 2336 754 2359 cum
788 2336 880 2371 pars
910 2322 1076 2368 diaboli,
1110 2334 1186 2370 que
1209 2321 1315 2358 viam
1341 2322 1404 2358 dei
1428 2335 1509 2359 non

195 2381 390 2429 graditur,
424 2381 474 2417 sit
507 2382 707 2429 perplexa.

253 2439 488 2476 Remedium
528 2438 650 2487 igitur
686 2438 926 2483 theoricum,
973 2437 1004 2474 si
1043 2439 1222 2486 placeret
1260 2439 1335 2473 deo
1375 2436 1507 2485 ipsum

195 2509 266 2544 per
298 2498 497 2533 seculares
532 2496 716 2533 homines
750 2496 947 2542 roborari,
981 2496 1082 2532 foret
1115 2497 1164 2532 ad
1187 2495 1507 2532 stabilimentum

194 2555 437 2603 sempiterne
471 2554 685 2591 concordie
719 2563 756 2591 et
788 2554 898 2602 pacis
932 2553 1111 2600 ecclesie,
1146 2554 1255 2601 quod
1289 2553 1507 2589 defendant

264 2744 283 2762 1.
306 2735 418 2769 l'acilli9
439 2735 477 2762 A.
551 2741 576 2761 2.
593 2733 703 2761 tradite
724 2734 758 2762 C.
832 2733 858 2761 3.
875 2733 936 2761 sint
950 2733 982 2760 B.
1057 2741 1085 2768 9.
1103 2733 1146 2760 sic
1160 2733 1198 2760 A.
1273 2741 1314 2760 10.
1336 2733 1434 2760 clerus
1457 2741 1510 2768 pre

195 2771 279 2797 deest
298 2770 330 2796 B.
417 2778 451 2797 11.
472 2768 638 2804 gadagium
659 2770 698 2796 A.
791 2768 828 2801 15,
850 2769 891 2796 16.
912 2768 985 2803 quia
1004 2783 1038 2787 —-
1058 2772 1123 2795 tum
1144 2767 1231 2795 deest
1249 2767 1283 2795 C.
1368 2775 1413 2794 20.
1436 2776 1510 2802 pau-

196 2805 321 2838 peribus
341 2803 405 2831 AB.
487 2803 528 2830 23.
550 2807 702 2838 occupant
722 2811 827 2830 omnes
848 2803 937 2830 MSS.
1018 2810 1064 2835 24.
1086 2804 1126 2828 wt
1145 2804 1183 2830 A.
1263 2802 1309 2830 26.
1331 2802 1456 2829 inferret
1476 2803 1508 2829 Β.

194 2847 238 2871 27,
261 2839 397 2872 wlgal'b7
419 2839 465 2872 A;
492 2839 529 2865 ib.
544 2838 787 2865 *exhortarentur
808 2837 868 2865 ΒΟ.
941 2845 988 2872 29.
1013 2838 1092 2876 wlgu
1114 2837 1155 2869 C;
1184 2837 1221 2864 ib.
1243 2837 1279 2864 ad
1300 2837 1386 2873 after
1404 2837 1509 2872 ipsum

194 2873 281 2901 deest
292 2875 330 2900 A.
399 2873 439 2901 31.
456 2873 538 2900 racio
554 2872 596 2907 C;
618 2873 656 2900 ib.
673 2872 755 2908 quod
770 2872 854 2900 deest
868 2873 906 2899 A.
975 2871 1015 2899 35.
1032 2876 1094 2899 vita
1108 2871 1172 2899 AB.
1246 2870 1290 2899 38.
1307 2872 1460 2899 noborare
1475 2872 1507 2899 B.

1518 697 1575 724 and
1594 696 1653 723 itis
1669 695 1793 722 affected

1581 732 1617 767 by
1637 732 1686 757 the
1706 731 1736 757 ill

1526 766 1664 800 example
1685 765 1718 792 of
1735 765 1783 791 the

1599 803 1709 836 clergy.

1560 836 1588 862 lf
1606 835 1665 862 this
1686 843 1757 870 year

1529 872 1579 897 the
1600 870 1663 898 rich
1685 870 1786 904 elergy

1522 906 1578 932 had
1597 905 1667 940 pald
1683 904 1731 931 the
1747 909 1795 930 tax

1547 941 1594 967 for
1614 941 1664 966 the
1686 946 1773 974 poor,

1521 975 1591 1009 they
1604 974 1706 1001 would
1720 974 1795 1000 have

1523 1007 1581 1037 had
1603 1018 1642 1036 no
1663 1009 1737 1036 need
1760 1013 1790 1034 to

1607 1044 1714 1071 revolt.

1521 1092 1570 1118 All
1586 1091 1699 1117 classes
1715 1097 1795 1116 were

1529 1131 1559 1152 to
1582 1126 1679 1152 blame
1701 1125 1786 1157 here;

1545 1162 1581 1188 he
1602 1167 1778 1192 commons‚

1567 1195 1615 1222 for
1636 1194 1750 1229 having

1528 1230 1611 1257 acted
1634 1230 1788 1264 wrongly;

1539 1266 1589 1292 the
1610 1264 1718 1291 nobles
1737 1264 1785 1290 for

1605 1299 1717 1334 having

1573 1333 1743 1368 oppressed

1533 1370 1632 1399 them:
1654 1368 1713 1395 and
1736 1368 1785 1395 the

1610 1404 1670 1430 cler
1694 1411 1711 1437 y

1539 1411 1721 1476 especialf’y„
1733 1438 1781 1464 for

1550 1474 1663 1507 having
1684 1473 1772 1499 With-

1535 1508 1601 1535 held
1624 1507 1704 1534 their
1724 1507 1785 1541 aid,

1557 1554 1615 1581 and
1636 1555 1685 1581 for
1706 1558 1758 1580 not

1542 1589 1654 1624 having
1673 1588 1782 1622 taught

1545 1625 1629 1651 them
1650 1628 1680 1650 to
1701 1625 1779 1658 obey

1583 1659 1633 1685 the
1654 1657 1735 1692 king,

1535 1818 1591 1837 nor
1612 1809 1662 1836 the
1682 1808 1791 1835 nobles

1531 1849 1562 1872 to
1585 1844 1620 1871 be
1641 1842 1790 1871 merciful.

1540 2102 1607 2129 The
1629 2109 1737 2128 reason
1758 2101 1784 2127 is

1535 2138 1600 2164 that
1619 2136 1669 2162 the
1690 2136 1792 2172 clei-gy

1560 2171 1713 2207 preferred
1736 2175 1765 2197 to

1565 2205 1654 2240 enioy
1675 2206 1754 2233 their

1561 2241 1769 2277 possessions.

1553 2448 1621 2475 The
1643 2447 1768 2482 remedy

1553 2483 1656 2509 would
1680 2482 1715 2509 be
1735 2486 1766 2509 to

1550 2519 1617 2544 take
1638 2525 1726 2552 away
1746 2517 1782 2543 all

1557 2551 1773 2579 ecclesiastica!

1590 2592 1737 2623 property
