2067 3298
211 962 291 997 (Jod,
313 962 426 997 having

182 998 298 1059 ffmced
320 1005 391 1024 man
412 999 442 1024 in

205 1032 243 1059 iis
264 1032 361 1058 world
384 1033 455 1068 only

206 1072 235 1094 10
258 1075 343 1093 serve
363 1066 436 1093 Him

234 1102 293 1128 and
314 1109 407 1137 yearn

250 1137 387 1163 towards

211 1171 345 1205 Hcaven,
367 1171 421 1197 lias

235 1207 325 1240 given
347 1206 409 1232 liim

191 1245 221 1268 to
241 1241 301 1267 this
322 1240 379 1267 end
401 1240 451 1267 the

189 1276 328 1309 example
349 1275 383 1302 of
401 1275 451 1302 tlie

185 1311 301 1337 natural
324 1310 449 1344 heaven,

268 1345 304 1371 ot*
321 1345 370 1371 the

184 1380 375 1413 Sacrament,
396 1380 455 1407 and

226 1414 260 1440 of
278 1413 409 1441 Christ's

261 1457 384 1483 person.

232 2350 299 2377 The
320 2357 407 2377 error

194 2385 380 2420 concerning
400 2385 451 2411 tlic

233 2419 413 2447 Sam-ament

198 2462 307 2488 argues
327 2462 342 2480 a
362 2458 445 2481 want

266 2488 300 2515 of
316 2489 380 2515 that

204 2523 443 2550 unworldliness

784 817 1128 865 CAPITULUM
1165 818 1472 865 QUARTUM.

528 946 696 982 Constat
735 958 777 981 ex
817 945 894 981 fide
934 946 1139 993 quomodo
1179 946 1327 981 nedum
1368 944 1407 981 in
1446 945 1645 993 principio
1681 947 1789 993 quod
1833 951 1871 981 Α.

471 1012 527 1039 est
566 1005 745 1048 verbum,
793 1005 888 1039 deus
934 1003 1081 1039 creavit
1127 1004 1321 1038 mundum
1368 1003 1535 1051 (scilicet
1580 1004 1708 1039 celum
1755 1013 1791 1039 et

470 1070 633 1107 terram,
657 1073 734 1109 que
758 1060 861 1097 inter
884 1061 1021 1097 omnia
1045 1061 1126 1096 eius
1146 1073 1268 1108 opera
1292 1070 1382 1097 sunt
1403 1061 1572 1097 maxime
1593 1061 1789 1098 distancia

471 1129 552 1155 tam
594 1119 832 1155 naturaliter
870 1132 989 1167 quam
1031 1119 1241 1164 localiter),
1282 1118 1485 1155 hominem
1527 1128 1660 1155 autem
1701 1124 1825 1155 cum§

472 1177 748 1213 instrumentis
789 1177 869 1213 suis
915 1176 1049 1225 posuit
1088 1178 1184 1212 deus
1223 1177 1263 1212 in
1303 1177 1449 1223 medio,
1490 1186 1532 1212 ut
1571 1178 1791 1213 secundum

472 1247 667 1280 amorem,
703 1235 770 1283 qui
806 1244 863 1271 est
895 1236 1052 1283 pondus
1085 1234 1231 1279 anime,
1272 1236 1346 1271 deo
1387 1244 1423 1271 et
1457 1235 1665 1271 celestibus
1700 1248 1793 1271 con-

472 1302 623 1329 stanter
646 1294 851 1339 adhereat,
887 1302 923 1329 et
955 1302 1126 1338 terrena,
1161 1292 1238 1328 nisi
1271 1294 1318 1328 de
1351 1302 1501 1340 quanto
1534 1302 1624 1329 sunt
1647 1294 1697 1329 ad
1722 1294 1792 1329 hec

472 1351 709 1395 necessaria,
751 1350 935 1399 religiose
979 1359 1210 1398 postponat.
1256 1352 1371 1387 Unde
1415 1350 1546 1386 omnis
1591 1351 1794 1399 apostasia

471 1409 511 1445 in
545 1409 819 1444 declinacione
853 1410 902 1444 ad
936 1408 1176 1456 temporalia
1201 1417 1258 1444 est
1291 1409 1468 1444 fundata.
1504 1411 1609 1444 Deus
1642 1418 1791 1455 autem,
1814 1424 1851 1444 10

471 1467 573 1503 sicut
607 1466 742 1502 docuit
776 1466 816 1502 in
850 1467 1032 1514 apostolo
1065 1478 1137 1501 suo
1169 1467 1320 1502 Jacobo
1360 1466 1595 1514 precipuam
1636 1475 1792 1514 partem
1823 1461 1942 1492 Jacob.

471 1524 673 1572 religionis
714 1536 781 1560 sue
822 1536 904 1560 esse
944 1523 1149 1560 hominem
1189 1536 1229 1560 se
1267 1524 1463 1560 custodire
1501 1525 1791 1560 inmmculatzmz
1845 1508 1928 1549 1’27

471 1583 517 1618 ab
551 1583 621 1618 lzoc
649 1583 798 1624 seculm
829 1581 884 1618 sic
917 1582 1063 1629 posuit,
1098 1582 1319 1617 secundum
1354 1581 1599 1618 evidenciam
1626 1582 1793 1630 exempli

472 1639 654 1688 triplicis,
689 1641 895 1688 quomodo
930 1641 1051 1676 homo
1085 1639 1281 1687 aspiraret
1316 1639 1499 1688 religiose
1535 1642 1585 1676 ad
1619 1640 1792 1684 celestia,

473 1707 509 1734 et
554 1698 798 1746 apostasiam
845 1710 924 1746 qua
971 1710 1080 1734 meus
1125 1697 1299 1733 afficitur
1350 1697 1486 1746 opacis
1538 1697 1850 1734 terrestribus15

473 1756 706 1792 declinaret.
752 1755 932 1792 Primum
978 1764 1035 1792 est
1080 1756 1306 1803 exemplum
1351 1756 1534 1792 naturale
1573 1768 1652 1804 quo
1698 1757 1794 1792 deus

472 1813 674 1850 ordinavit
719 1814 848 1849 celum
895 1825 1009 1861 spere
1054 1813 1263 1849 sublunari
1308 1813 1476 1850 influere
1522 1814 1696 1862 regendo
1736 1813 1794 1849 in-

472 1871 632 1916 feriora,
669 1879 705 1907 et
738 1872 958 1907 secundum
986 1873 1118 1907 lucem
1143 1883 1189 1907 ac
1211 1873 1396 1907 tenebras
1420 1884 1511 1908 cum
1536 1871 1622 1908 aliis
1645 1871 1794 1907 vicissi-

472 1929 678 1965 tudinibus
712 1938 940 1977 temporum
977 1929 1179 1966 alternari.
1214 1931 1443 1966 Secundum
1480 1938 1537 1965 est
1567 1930 1791 1977 exemplum

473 1988 778 2033 sacramentale,
820 1987 861 2023 in
895 2000 974 2035 quo
1008 1988 1104 2023 deus
1138 1987 1271 2034 posuit
1310 1999 1455 2035 panem
1490 1986 1557 2036 qui
1598 1996 1655 2023 est
1688 1987 1793 2023 basis
1811 2001 1851 2021 20

474 2045 694 2092 corporalis
733 2044 924 2090 alimenti,
964 2054 1006 2081 ut
1045 2044 1188 2092 figuret
1228 2045 1411 2081 fidelibus
1444 2054 1481 2081 et
1515 2044 1565 2081 sit
1598 2046 1793 2093 quodam-

474 2104 596 2139 modo
630 2115 774 2150 corpus
808 2102 940 2139 Cristi.
986 2104 1063 2139 Sed
1097 2102 1266 2139 tercium
1300 2103 1526 2150 exemplum
1567 2111 1623 2138 est
1656 2115 1792 2150 super-

473 2161 669 2205 naturale,
709 2160 750 2196 in
782 2173 861 2208 quo
896 2160 1022 2197 deitas
1056 2168 1093 2196 et
1132 2160 1360 2197 humanitas
1399 2169 1490 2196 sunt
1528 2160 1794 2208 personaliter

474 2218 577 2254 idem
620 2219 754 2254 homo.
802 2220 849 2254 Et
888 2231 1026 2254 omnes
1066 2217 1162 2254 istos
1202 2220 1347 2266 gradus
1386 2219 1482 2254 deus
1520 2218 1707 2264 instituit,
1750 2227 1793 2254 ut

474 2284 633 2312 revocet
665 2275 869 2312 hominem
905 2289 927 2312 a
958 2275 1250 2323 temporalibus
1284 2278 1333 2312 ad
1367 2285 1514 2312 eterna.
1810 2279 1849 2311 25

532 2335 654 2370 Error
698 2342 832 2370 autem
878 2333 917 2369 in
963 2334 1143 2382 exemplo
1189 2334 1322 2370 medio
1367 2335 1587 2370 secundum
1629 2345 1792 2381 genera-

475 2390 632 2427 cionem
677 2391 789 2439 signa
834 2391 1093 2439 querencium
1140 2391 1384 2439 prenosticat
1424 2403 1598 2428 errorem
1640 2391 1680 2427 in
1712 2391 1792 2428 vita

475 2449 653 2485 ecclesie.
677 2450 828 2485 Omnes
852 2458 985 2485 autem
1010 2450 1180 2495 hereses,
1198 2449 1348 2485 scilicet
1371 2449 1568 2497 symonia,
1588 2449 1791 2496 apostasia

476 2515 512 2543 et
536 2506 757 2553 blasfemia,
791 2507 1011 2543 fundantur
1033 2507 1073 2543 in
1103 2507 1376 2543 declinacione
1400 2507 1524 2543 animi
1547 2508 1597 2544 ad
1620 2516 1790 2543 terrena.

546 2671 566 2690 1.
589 2663 664 2698 Cap.
686 2669 729 2699 4¹5¹
748 2671 779 2690 m
801 2664 856 2690 red
876 2663 929 2690 mk
949 2663 1020 2695 AC;
1041 2663 1125 2690 deest
1142 2663 1173 2690 Β.
1230 2670 1255 2690 2.
1283 2664 1365 2698 quod
1388 2664 1462 2691 deus
1484 2663 1518 2691 C.
1575 2672 1603 2699 9.
1626 2651 1789 2699 apostffA.

477 2706 518 2734 19.
540 2698 691 2725 alternare
712 2698 745 2725 C.
820 2705 858 2724 21.
881 2702 912 2724 ut
932 2698 1018 2725 deest
1034 2699 1072 2725 A.

547 2791 578 2822 7.
618 2781 760 2813 Pondus
791 2782 919 2813 anime.
958 2781 1046 2812 This
1078 2781 1245 2813 beautiful
1278 2783 1344 2813 and
1378 2782 1501 2824 deeply
1533 2781 1791 2823 philosophical

477 2825 656 2858 definition
674 2827 714 2858 of
728 2827 808 2859 love
826 2828 853 2858 is
872 2834 942 2867 not,
970 2828 1010 2859 of
1024 2828 1183 2870 VVyclif's
1210 2829 1399 2859 invention.
1427 2829 1491 2859 See
1519 2829 1566 2859 St.
1585 2829 1789 2869 Augustine,

477 2873 705 2905 Confessions
715 2873 1175 2915 (Migne,t.XXX11‚p.84S).
1192 2875 1275 2906 Also
1290 2881 1312 2905 t.
1323 2875 1466 2913 XXXIII,
1479 2885 1510 2915 p.
1523 2884 1537 2905 2
1549 2885 1557 2905 1
1569 2884 1597 2913 2,
1610 2884 1625 2905 2
1637 2885 1644 2905 1
1657 2873 1790 2916 37677).
