2067 3298
240 244 320 280 214
970 237 1193 268 JOHANNIS
1219 236 1405 267 WYCLIF
1657 232 1747 260 CAP.
1768 232 1850 260 XIV.

253 357 312 387 and
334 357 401 392 give
422 357 497 385 such
530 353 746 394 preparant
796 351 1032 391 sumptuosa
1085 351 1121 379 et
1172 342 1328 390 privata
1372 341 1566 387 convivia,
1627 353 1715 377 cum
1762 341 1849 378 aliis

262 391 492 463 baiiiq’iigtcslidthe
529 415 791 452 expensarum
825 400 1062 447 excessibuS,
1100 401 1160 437 vel
1193 413 1284 436 cum
1319 408 1403 436 arte
1436 398 1633 447 alkymica
1665 400 1725 435 vel
1759 412 1849 435 cum

325 470 439 498 money
493 497 506 523 f
529 461 723 509 peccunia
746 460 993 507 Angelorum
1020 458 1203 495 manibus
1221 457 1465 504 ministrata,
1490 458 1558 493 sed
1574 457 1851 494 subdefalcant

250 497 376 525 drained
398 502 451 524 out
471 505 488 523 o
1269 516 1274 521 ,
1483 515 1490 521 ,

293 533 343 560 the
364 532 468 561 nation
530 521 576 555 de
601 531 722 566 regno
747 530 817 566 per
841 526 1061 553 cateractas
1085 518 1354 553 absconditas.
1389 518 1437 551 Et
1460 528 1531 562 Sic,
1566 528 1656 551 cum
1681 527 1849 563 regnum

249 567 509 638 iglpgggligleglrgy
531 577 579 613 sit
624 585 781 612 tantum
830 575 987 611 finitum
1033 574 1224 622 suggibile
1265 575 1312 609 de
1346 575 1552 618 thezauro,
1599 582 1708 621 patet
1742 575 1848 621 quod

308 637 444 664 miracle.
528 647 688 671 necesse
734 642 790 670 est
835 633 1026 681 populum
1071 632 1153 680 regi
1187 645 1258 668 suo
1292 641 1328 668 et
1361 631 1534 667 dominis
1567 631 1647 667 suis
1680 631 1850 668 deficere

254 672 485 733 Assdusstobtelizre
528 693 568 728 in
607 692 778 735 tributis,
825 700 861 727 et
902 704 948 727 eo
982 691 1148 727 celerius
1182 703 1262 738 quo
1297 703 1317 726 a
1352 689 1591 726 comunibus
1624 689 1704 725 suis
1737 702 1850 726 secu-

239 741 512 811 pssfflggtg'gsinm
527 750 677 786 laribus
711 749 837 786 eciam
873 749 1005 796 egenis
1038 748 1270 796 presbiteris
1304 760 1466 784 censum
1501 747 1630 795 exigit,
1665 747 1777 783 sicud
1811 748 1850 783 in

259 809 308 838 the
330 811 489 846 king;1he
529 821 622 845 casu
668 807 904 856 requiritur:
953 815 989 843 et
1034 819 1124 843 cum
1173 819 1194 842 a
1240 806 1442 852 fratribus,
1489 814 1849 854 quantumcunque

238 854 382 908 beciffige
395 854 511 914 &iiim-s,
528 866 728 912 divitibus,
773 865 894 901 nichil
928 865 1054 913 capit;
1094 873 1130 901 et
1162 873 1299 900 tamen
1331 864 1398 900 ubi
1431 863 1628 911 presbiter
1661 864 1850 900 secularis

238 915 646 985 biiiivevssbeissiiight’ohabet
689 924 853 960 unicum
900 923 1071 960 annuale
1116 922 1361 970 stipendium
1410 923 1458 957 de
1502 934 1625 970 regno
1668 921 1851 967 (forsitan

339 993 406 1021 pay.
527 995 590 1019 sex
625 979 802 1033 marcis),
836 982 958 1018 frater
991 982 1110 1017 habet
1143 982 1191 1016 de
1223 982 1362 1017 eodem
1388 992 1510 1028 regno
1536 980 1660 1016 multa
1684 981 1851 1017 abscon-

528 1040 626 1077 dite!
662 1042 709 1076 Et
742 1052 822 1076 non
856 1039 1021 1075 dubium
1056 1039 1152 1087 quin
1176 1039 1420 1087 symoniace,
1455 1040 1504 1074 ad
1529 1038 1848 1075 destruccionem

524 1098 697 1135 toxicam
733 1106 914 1134 contrate
947 1110 1069 1146 quam
1103 1097 1283 1145 palliant.

295 1171 382 1207 They
402 1179 452 1198 are
584 1158 631 1192 Et
676 1156 778 1192 sicut
824 1155 999 1204 episcopi
1047 1155 1212 1203 quidam
1257 1155 1447 1191 blasfeme
1495 1154 1695 1191 blaterant
1741 1156 1849 1203 quod

310 1207 464 1242 raetically
497 1227 608 1268 fnon
660 1215 806 1250 debent
859 1213 974 1250 subdi
1029 1212 1168 1249 mundi
1224 1213 1474 1261 principibus
1519 1212 1583 1248 isti
1628 1212 1849 1260 practisant

245 1241 275 1268 in
303 1241 456 1277 ependent
476 1250 493 1268 0

294 1276 454 1311 theking3
527 1272 762 1309 abscondite
806 1272 847 1308 in
891 1271 1053 1317 effectu;
1099 1284 1179 1308 non
1225 1271 1330 1307 enim
1369 1270 1552 1307 senciunt
1591 1283 1631 1306 se
1668 1271 1848 1307 subditos

255 1311 491 1380 gzhgsslgntvpfullg
527 1330 685 1378 regibus
730 1342 801 1366 nec
845 1329 916 1365 ulli
962 1329 1255 1375 conviancium,
1302 1328 1376 1365 nisi
1422 1328 1587 1365 forsitan
1626 1328 1846 1366 anticristo.

246 1381 509 1453 Θῇῗθῖξξθῖξάῃὲξῃ
527 1389 648 1425 Cuius
682 1387 1004 1436 experimentalis
1036 1387 1229 1436 probacio
1262 1388 1375 1432 foret,
1421 1386 1452 1422 si
1486 1399 1552 1422 rex
1591 1388 1638 1422 de
1677 1386 1766 1433 illis,
1806 1397 1849 1423 ut

329 1450 422 1478 them.
527 1448 574 1483 de
627 1446 714 1482 aliis
758 1446 868 1494 legiis
907 1445 1001 1492 suis,
1042 1458 1205 1482 censum
1250 1458 1324 1493 pro
1362 1444 1598 1481 necessitate
1643 1445 1753 1492 regni
1787 1445 1847 1481 sui

528 1504 710 1552 exigeret.
756 1506 924 1540 Notaret
969 1517 1047 1552 qua
1087 1503 1306 1552 paciencia,
1353 1503 1498 1551 quibus
1532 1502 1764 1550 capitaneis,
1812 1512 1848 1539 et

527 1575 605 1611 quo
629 1562 799 1599 seculari
821 1562 980 1598 vinculo
1003 1575 1025 1598 a
1049 1561 1237 1598 fratribus
1261 1561 1370 1609 regni
1396 1560 1618 1597 subsidium
1634 1561 1846 1597 levaretur.

254 1636 341 1672 They
361 1636 490 1663 exhaust
524 1620 678 1657 Taliter
718 1629 850 1657 autem
892 1628 1081 1656 cecantur
1114 1632 1237 1668 regna
1271 1620 1427 1656 cautela
1461 1618 1608 1655 diaboli
1644 1619 1847 1667 scopantis

238 1671 509 1740 Οξῑζῗῖζῗέἓὲἓζῗξ,
526 1678 766 1727 interpolate
782 1680 828 1714 de
845 1678 977 1726 regnis
995 1677 1192 1714 minucias
1208 1677 1470 1723 insensibiles,
1487 1689 1558 1725 per
1572 1689 1672 1725 quas
1681 1678 1848 1714 subdole

267 1741 417 1776 notbyo
444 1749 479 1767 en
528 1746 780 1775 enervantur.
825 1738 906 1772 Nec
952 1736 1083 1772 differt
1126 1737 1202 1772 hoc
1241 1749 1264 1772 a
1296 1735 1543 1783 spoliacione
1575 1736 1726 1783 patula,
1771 1735 1848 1772 nisi

248 1776 501 1846 uffffiegffinffiy
528 1796 636 1842 quod
670 1803 727 1830 est
760 1794 886 1841 magis
910 1793 1199 1842 dampnabilis3
1233 1793 1327 1842 quia
1349 1793 1601 1841 yppocritica
1624 1802 1660 1829 et
1681 1803 1847 1841 peccato

278 1853 294 1872 a
314 1845 470 1915 {figffgffal
529 1852 675 1889 diaboli
722 1851 921 1900 spirituali
955 1851 1144 1888 similior:
1191 1861 1227 1888 et
1260 1851 1315 1888 sic
1349 1851 1475 1899 magis
1508 1851 1699 1888 radicitus
1731 1851 1849 1900 puni-

261 1914 492 1953 imperceptible
527 1919 629 1946 tura.
675 1913 776 1946 Nam
822 1910 941 1946 febris
986 1910 1116 1946 ethica
1163 1919 1220 1946 est
1263 1909 1527 1958 periculosior
1572 1909 1763 1956 effimera,
1811 1919 1847 1946 et

243 1949 503 2017 tasxlirnlgsptilsgnssll
528 1977 664 2004 tamen
705 1980 777 2016 per
820 1968 929 2004 illam
974 1968 1157 2004 naturale
1190 1967 1401 2004 humidum
1435 1967 1733 2014 insensibiliter,
1779 1970 1847 2004 sed

262 2019 489 2081 xiiliicctiicxizegr‘iis
527 2025 814 2071 insanabiliter,
870 2037 926 2062 est
979 2026 1209 2062 extinctum.
1263 2028 1364 2062 Nam
1410 2038 1513 2073 pena
1557 2025 1647 2061 talis
1693 2025 1847 2063 diutina

261 2088 488 2150 slprssgluyrfflgis
527 2085 830 2132 quodammodo
863 2093 1026 2132 superat
1058 2083 1322 2132 repentinam.

283 2160 356 2194 Any
376 2158 465 2185 Friar
584 2144 665 2178 Nec
706 2141 825 2178 alicui
858 2144 962 2178 bono
994 2141 1122 2188 fratri,
1169 2143 1238 2178 sed
1270 2142 1370 2178 falso
1404 2141 1633 2189 displiceret
1667 2142 1846 2178 deteccio

278 2192 466 2263 Wss‘gffsgffls
525 2200 640 2236 istius
685 2200 899 2246 sentencie,
950 2212 1039 2236 cum
1079 2213 1161 2236 non
1200 2199 1329 2236 verius
1373 2208 1507 2247 posset
1540 2208 1694 2236 reatum
1729 2212 1846 2236 suum

290 2263 459 2297 displeases
524 2259 584 2295 vel
628 2270 747 2306 opere
779 2258 840 2294 vel
873 2271 1068 2295 consensu
1100 2259 1296 2306 detegere,
1343 2270 1464 2305 quam
1498 2266 1636 2294 contra
1669 2258 1847 2295 versucie

262 2297 419 2359 confgsws'gs
439 2297 488 2324 1¹¹³
526 2315 643 2352 huius
676 2316 900 2353 sanativum
933 2315 1172 2352 scrutinium
1206 2328 1472 2351 murmurare.
1506 2317 1621 2352 Unde
1654 2315 1846 2352 indicium

272 2366 480 2401 wickedness;
527 2383 583 2410 est
616 2373 854 2422 profundius
887 2374 1104 2411 inveterate
1138 2373 1307 2420 malicie,
1342 2375 1451 2421 quod
1483 2373 1623 2409 fratres
1647 2374 1735 2421 plus
1759 2374 1845 2410 aliis

268 2412 486 2474 caosnfficgffsmgf
527 2441 665 2468 contra
698 2432 820 2468 rimas
854 2431 913 2468 sui
947 2431 1105 2468 sceleris
1138 2431 1429 2468 recalcitrando
1454 2441 1763 2468 remurmurent.
1798 2434 1846 2467 Et

239 2482 286 2508 ΜΞ
308 2482 416 2516 crime,
439 2490 501 2508 was
526 2489 618 2526 hinc
641 2489 826 2526 Scarioth
848 2498 938 2538 post
960 2489 1293 2538 reprobacionem
1317 2488 1589 2537 pronosticam
1612 2489 1846 2526 tradicionis

597 2655 618 2674 1.
640 2647 771 2674 conviva
791 2647 824 2673 B.
904 2646 928 2674 3.
952 2647 1171 2675 subdesulcant
1193 2648 1232 2675 A.
1305 2647 1328 2674 5.
1351 2646 1417 2674 ficte
1437 2647 1482 2680 A;
1503 2647 1587 2674 finite
1601 2646 1636 2675 C.
1711 2655 1736 2680 7.
1758 2647 1846 2674 steri-

528 2681 586 2708 lius
612 2682 658 2715 A;
692 2682 838 2708 §celerius
867 2681 901 2709 C.
1009 2681 1036 2710 8.
1065 2687 1093 2709 et
1114 2690 1176 2717 pro
1204 2682 1299 2709 eciam
1321 2682 1353 2708 B.
1463 2690 1504 2709 ιο.
1533 2690 1603 2708 cuni
1623 2681 1694 2710 AB:
1723 2686 1787 2708 tum
1810 2682 1843 2709 C.

528 2724 569 2749 14.
591 2716 719 2750 palliant
739 2717 825 2744 twice
845 2717 883 2743 A.
970 2717 1006 2744 15.
1051 2716 1154 2744 uidem
1176 2717 1214 2750 133
1241 2717 1279 2743 ih.
1302 2716 1465 2743 blacte'ant
1484 2718 1523 2744 A.
1605 2724 1643 2751 17.
1665 2721 1789 2743 censent
1810 2717 1844 2744 C.

526 2758 572 2777 20.
601 2750 679 2785 leg¹¹³
701 2751 739 2778 A.
826 2759 863 2778 21.
890 2751 1005 2778 Notare
1065 2761 1071 2784 ;
1099 2751 1267 2779 Notaretur
1294 2750 1333 2785 C;
1367 2751 1404 2778 ib.
1433 2755 1539 2778 contra
1561 2759 1622 2786 pro
1648 2759 1708 2785 qua
1733 2751 1778 2781 A:
1805 2752 1843 2778 ib.

550 2794 594 2823 εἶ]
617 2797 648 2823 Β.
723 2795 766 2823 23.
789 2797 868 2824 enim
891 2797 923 2824 B.
997 2805 1043 2829 24.
1065 2797 1257 2832 interpellate
1276 2798 1321 2830 A;
1349 2798 1388 2824 ib.
1410 2797 1596 2825 inimicicias
1616 2798 1654 2825 Α.
1727 2797 1769 2824 25.
1793 2798 1843 2824 de-

548 2835 609 2858 eret
628 2832 668 2858 A.
778 2831 822 2859 28.
850 2831 948 2858 ethica
974 2831 1058 2858 deest
1077 2833 1115 2859 A.
1223 2830 1266 2859 33.
1288 2831 1378 2858 huius
1401 2831 1435 2859 C.
1544 2831 1585 2859 35.
1611 2831 1786 2859 strictivum
1808 2832 1839 2858 Β.

525 2863 569 2900 37.
592 2865 697 2892 ruinas
719 2865 754 2894 C.
827 2864 871 2893 38.
893 2866 1068 2901 pnosticam
1090 2867 1134 2899 A;
1157 2865 1365 2901 prenosticam
1388 2866 1423 2893 C.

1868 575 1882 607 5

1871 875 1908 895 10

1870 1154 1906 1186 15

1864 1458 1906 1479 20

1865 1738 1904 1770 25

1863 2318 1902 2351 35
