2067 3298
255 214 326 250 156
971 218 1195 249 ioiiANNis
1224 216 1406 247 WYCLlF
1702 212 1791 240 cAv.
1812 213 1847 240 x.

268 336 370 364 These
390 335 496 363 chains
534 328 624 364 celis
656 326 833 362 irridebit
865 338 941 361 eos.
974 324 1142 360 Vincula
1167 336 1303 360 eorum
1329 331 1420 359 sunt
1441 321 1683 358 tradiciones
1707 321 1852 370 quibus

271 372 443 433 ,fagisffofflff
457 405 494 440 by
535 385 736 433 simplices
769 385 1021 432 laqueantur.
1058 383 1159 419 Cum
1194 381 1268 418 hiis
1302 380 1407 417 enim
1433 389 1470 416 et
1493 380 1642 428 prediis
1667 388 1853 417 contexta

299 440 397 467 which
420 440 469 466 1¹¹⁶
537 452 593 480 est
618 444 695 478 tela
719 453 877 487 aranee,
912 441 953 476 in
976 453 1055 488 qua
1079 439 1245 477 bestiole
1270 438 1497 487 capiuntur,
1533 451 1608 486 que
1632 439 1852 486 gaudenter
1916 450 1952 475 11*

293 475 472 542 fflfflwkffidaffe
538 501 714 537 dicerent
749 499 847 535 illud
882 498 1025 546 psalmi
1066 493 1172 534 1331:
1209 498 1364 545 laqueus
1397 496 1585 532 contritus
1618 504 1685 539 est,
1719 503 1753 532 et
1786 508 1853 532 nos
1868 484 2003 553 ffissm'

258 543 513 606 ,fflffwthbeoffsglsgs
538 558 691 595 liberati
721 568 864 593 sumus.
906 558 1043 604 Iugum
1080 564 1212 592 autem
1248 563 1305 591 est
1338 554 1416 602 liga
1450 553 1532 590 ceci
1564 553 1780 590 iuramenti
1815 555 1886 590 et5

247 613 522 675 ὓῑῑὲῐῑῗᾶιάῑίξὲᾗιῑέξθ
538 615 770 653 devocionis
815 614 1020 663 blasfeme,
1067 626 1144 662 qua
1188 612 1391 661 principes
1438 621 1475 648 et
1514 624 1654 648 eorum
1702 611 1851 648 subditi

490 669 496 674 ⁹
537 673 747 711 anticristo
772 681 808 709 et
831 672 911 708 suis
936 671 1201 720 complicibus
1224 679 1315 707 sunt
1339 669 1520 706 subiecti.
1552 670 1722 717 Oportet
1747 669 1851 706 enim

538 732 695 768 fidelem
731 732 893 767 credere
933 731 1041 778 quod
1075 729 1229 766 Cristus
1269 741 1358 765 cum
1400 728 1480 764 suis
1521 727 1715 775 apostolis
1749 727 1854 776 cepit

539 789 612 826 sibi
637 789 675 825 in
701 788 1012 825 conversacione
1046 789 1197 823 bonum
1224 786 1389 823 honoris
1414 795 1450 822 et
1475 786 1650 835 comodi,
1683 785 1853 822 vivendo

277 854 492 893 (ghrist’slife,
536 848 660 884 vitam
713 858 869 883 summe
921 857 1141 894 pauperem
1197 854 1233 881 et
1286 843 1657 892 exproprietariam.
1704 845 1913 880 Contram

257 889 511 952 ffifflfficihsscbfiffi
538 918 658 955 quam
684 905 714 941 si
748 903 979 941 anticristus
1012 902 1226 939 infideliter
1259 910 1541 948 remurmuret,
1575 901 1731 949 signent
1764 913 1853 937 eum

266 959 506 1029 ”mdcffisfgfshss
538 973 746 1011 tamquam
812 962 1016 998 infidelem
1080 960 1316 997 freneticum
1380 961 1441 996 vel
1507 972 1550 996 ex
1614 958 1854 1006 contagione

247 1029 271 1056 It
292 1028 317 1055 is
335 1013 523 1055 maci'nkssto
538 1020 786 1058 infidelitatis
819 1019 948 1068 gregis
982 1018 1136 1055 domini
1176 1018 1424 1056 infectivum.
1475 1017 1693 1054 Excuciant
1732 1016 1855 1064 igitur

249 1061 522 1098 despisepureand
591 1080 596 1085 .
658 1079 664 1084 .
903 1078 909 1083 .
1042 1077 1048 1082 .
1214 1076 1220 1082 .
1374 1089 1381 1095 ,

276 1098 366 1125 drink
387 1097 489 1125 tiu-bid
539 1091 739 1128 principes
773 1091 795 1115 a
828 1091 868 1115 se
901 1077 1178 1114 infidelitatem
1212 1085 1330 1113 istam
1364 1076 1512 1125 iefuge,
1554 1084 1590 1111 et
1623 1075 1855 1123 regulentur

269 1137 506 1196 ourffitffl'sseus
539 1139 623 1186 lege
647 1136 856 1185 scripture,
892 1149 983 1173 cum
1007 1136 1067 1171 lex
1089 1134 1139 1171 sit
1161 1135 1423 1178 immaculata,
1458 1147 1536 1182 qua
1560 1133 1693 1170 anime
1716 1132 1853 1169 fideles
1876 1134 1910 1166 15

292 1212 327 1230 us
348 1203 412 1240 that
432 1210 477 1240 we
539 1197 589 1232 ad
623 1194 833 1232 dominum
869 1201 1169 1231 convertuntur.
1215 1193 1368 1229 Stultus
1407 1192 1571 1240 inquam
1613 1200 1649 1227 et
1681 1190 1853 1227 infidelis

259 1237 506 1300 Silifficsit'lsmllitfiie
538 1255 654 1300 foret,
690 1252 757 1301 qui
790 1252 913 1300 gratis
947 1251 1099 1288 biberet
1124 1263 1271 1299 aquam
1305 1250 1509 1286 turbidam
1534 1258 1571 1286 et
1594 1261 1852 1295 venenosam,

539 1314 727 1360 despecta
759 1323 864 1359 aqua
897 1309 1103 1346 salutifera
1136 1318 1255 1358 atque
1289 1309 1408 1346 clara.
1442 1307 1557 1344 Fides
1591 1316 1724 1344 autem
1758 1306 1855 1343 dicit

539 1371 648 1419 quod
683 1368 825 1405 melius
859 1376 917 1405 est
949 1367 1062 1417 sequi
1097 1368 1273 1405 Cristum
1307 1367 1346 1403 in
1382 1366 1573 1416 moribus,
1615 1378 1705 1402 curn
1740 1365 1854 1402 aliter

539 1429 588 1465 sit
622 1429 744 1464 homo
779 1427 1007 1463 membrum
1042 1425 1191 1462 diaboli
1225 1434 1261 1461 et
1295 1438 1376 1461 non
1411 1425 1551 1461 clerus.
1586 1425 1680 1460 Ideo
1720 1435 1765 1459 ve
1798 1422 1853 1459 illi
1872 1434 1912 1455 20

540 1485 609 1535 qui
641 1484 832 1534 pervertit
864 1484 1047 1521 ordinem
1089 1484 1151 1521 dei
1185 1492 1351 1532 propter
1389 1483 1551 1518 stultam
1593 1490 1630 1518 et
1669 1481 1853 1518 insanam

540 1543 790 1594 pruriginem
825 1542 1041 1579 anticristi!

259 1609 387 1648 nutum
407 1615 515 1642 enemy
601 1601 862 1639 Convincitur
896 1608 1030 1637 autem
1065 1612 1109 1636 ex
1141 1600 1216 1636 hoc
1256 1600 1366 1648 quod
1398 1599 1501 1634 furet
1542 1597 1718 1647 rabidus,
1759 1598 1853 1633 dum

253 1642 653 1714 {fsesyffigsstffinthoefaudit
687 1661 796 1709 quod
829 1660 879 1696 ad
912 1658 973 1695 sui
1005 1657 1300 1706 perfeccionem
1342 1665 1379 1693 et
1419 1655 1750 1693 exoneracionem
1784 1668 1855 1692 sua

298 1712 492 1776 {3}{{S‘³S{Of}]iss,
541 1717 784 1766 temporalia
807 1718 1117 1763 subtrahuntur3
1142 1724 1177 1752 et
1196 1729 1277 1752 non
1294 1715 1424 1751 minus
1440 1714 1678 1751 furibundus
1693 1713 1855 1764 insanit,
1873 1714 1912 1746 25

277 1758 294 1784 p
486 1769 491 1780 ⁷
543 1778 637 1812 dum
672 1775 783 1812 audit
816 1774 1111 1823 perfeccionem
1146 1787 1260 1810 suam
1294 1773 1542 1810 salutiferam
1583 1781 1620 1809 et
1659 1773 1855 1808 honorem

261 1841 306 1869 He
328 1840 458 1879 prevails
480 1847 519 1866 011
543 1843 649 1871 stare
687 1834 727 1870 in
759 1834 839 1870 vita
874 1832 1006 1881 penali
1046 1842 1083 1869 et
1122 1844 1297 1881 paupere
1337 1831 1463 1868 instar
1495 1829 1628 1868 Cristi.
1674 1829 1857 1867 Consulit

252 1879 527 1951 ὀςδὲᾝῖῗῗοῇἓῑὲῃ
543 1893 705 1941 quidem
751 1901 788 1928 et
830 1900 1020 1939 procurat
1074 1892 1181 1939 quod
1228 1889 1431 1938 principes
1483 1888 1542 1925 sui
1595 1888 1768 1936 spolient
1820 1896 1857 1924 et

261 1943 527 2014 fflssssslssguffiddg
543 1950 721 1987 crucient
766 1949 937 1986 alienam
984 1948 1212 1994 ecclesiam3
1259 1949 1367 1996 quod
1415 1960 1495 1984 non
1540 1955 1670 1995 potest
1709 1946 1857 1994 fingere

297 2015 361 2042 mat
381 2019 433 2041 out
454 2013 488 2040 of
543 2008 628 2045 fieri
662 2021 734 2056 pro
767 2007 1007 2044 verecundia
1047 2006 1152 2052 fidei,
1198 2006 1273 2043 nisi
1314 2014 1477 2054 propter
1516 2017 1695 2042 amorem
1736 2016 1854 2053 quem
1873 2006 1915 2038 30

253 2049 529 2111 melhcsslrigbrlgogvff
543 2066 743 2115 principes
777 2067 925 2102 habent
957 2066 1007 2102 ad
1040 2063 1249 2101 ecclesiam
1274 2064 1462 2110 alienam,
1498 2075 1618 2112 quam
1647 2062 1853 2106 tribulant,

277 2118 504 2188 Ogfficffihfflfgj
543 2134 585 2160 ut
619 2125 674 2161 sic
708 2132 897 2172 purgent;
933 2132 970 2159 et
1001 2132 1139 2159 tamen
1172 2122 1327 2170 fingunt
1365 2123 1440 2158 hoc
1479 2122 1563 2157 fore
1603 2120 1643 2157 in
1681 2132 1721 2156 se
1761 2120 1856 2168 ipsis

288 2188 487 2242 shouldplpve
544 2182 627 2230 (qui
661 2182 787 2230 magis
820 2181 1070 2230 delinquunt,
1106 2189 1142 2217 et
1176 2193 1276 2229 quos
1309 2179 1512 2228 principes
1552 2180 1697 2215 debent
1731 2177 1857 2226 magis

340 2231 440 2249 mom.
544 2240 709 2288 diligere
749 2249 786 2276 et
826 2242 980 2285 curare)
1021 2239 1181 2276 crudele
1214 2238 1484 2285 sacrilegium,
1529 2250 1611 2273 non
1643 2237 1855 2273 medelam.

541 2298 651 2335 Talis
696 2307 830 2335 autem
876 2306 1155 2346 apostotarum
1204 2296 1419 2344 duplicitas
1464 2296 1600 2332 turbat
1638 2294 1911 2340 mundum335

543 2356 695 2393 domini
731 2369 824 2405 ergo
857 2356 1103 2404 temporales
1133 2368 1206 2403 pro
1236 2354 1312 2391 isto
1343 2355 1505 2404 scelere,
1540 2352 1614 2389 nisi
1653 2353 1854 2389 fructuose

542 2415 762 2465 peniteant,
796 2423 887 2450 sunt
920 2413 1197 2462 dampnabiles
1231 2426 1274 2449 ex
1308 2424 1517 2450 consensu.
1546 2407 1550 2464 Ι

613 2545 632 2564 1.
660 2541 687 2563 ct
714 2536 860 2563 dominus
888 2536 1067 2563 subsanabit
1093 2544 1144 2562 eos
1171 2534 1205 2565 C.
1322 2543 1341 2567 4
1380 2533 1425 2561 123
1452 2534 1511 2562 BC.
1632 2542 1658 2568 7.
1686 2541 1793 2561 eorum
1821 2533 1854 2560 C.

544 2570 581 2598 13.
608 2571 770 2598 infideliter
796 2572 842 2604 A;
872 2571 910 2598 ib.
939 2570 1088 2598 dominici
1115 2570 1154 2603 [33
1188 2570 1227 2597 ib.
1255 2570 1401 2596 intectum
1428 2568 1462 2597 C.
1572 2568 1608 2596 15.
1637 2569 1789 2602 scriptura
1815 2568 1855 2601 C;

543 2606 582 2633 ib.
612 2605 746 2633 fidelium
774 2605 833 2633 BC.
947 2604 986 2632 18.
1014 2605 1095 2632 clara
1122 2609 1149 2631 at
1176 2613 1211 2631 ue
1232 2604 1266 2631 C.
1381 2611 1419 2631 21.
1445 2603 1596 2631 insaniam
1619 2603 1653 2631 C.
1761 2601 1803 2630 23.
1825 2607 1857 2630 ut

545 2641 671 2676 rapidus
692 2640 723 2667 Β.
797 2647 842 2676 27.
863 2644 956 2667 staret
977 2640 1016 2673 133
1037 2640 1075 2666 ib.
1097 2639 1126 2666 in
1170 2642 1231 2666 eest
1251 2639 1282 2666 B.

615 2722 668 2755 29.
699 2711 874 2744 Crucient.
901 2711 1074 2754 Probably
1094 2721 1136 2742 an
1155 2711 1301 2742 allusion
1322 2717 1355 2742 to
1374 2710 1431 2742 the
1451 2710 1605 2742 Crusade
1623 2710 1657 2741 in
1677 2709 1855 2748 Flanders,

545 2759 679 2802 against
703 2757 761 2789 the
788 2758 966 2790 followers
991 2757 1030 2789 of
1051 2757 1109 2789 the
1137 2758 1323 2799 Antipope,
1349 2757 1479 2788 Robert
1505 2756 1545 2787 of
1568 2756 1720 2787 Geneva.
