2067 3298
219 807 260 836 A·
630 799 977 847 CAPITULUM
1014 800 1295 848 TERCIUM.

360 927 436 963 Sed
470 929 687 963 scrutando
721 927 896 964 radicem
932 928 1066 975 lapsus
1100 927 1278 976 ecclesie7
1317 927 1474 964 videtur
1513 929 1622 975 quod
1724 935 1826 962 Three

302 986 440 1021 eadem
487 984 537 1021 sit
583 985 694 1021 radix
739 985 932 1033 symonie‚
984 985 1185 1033 apostasie
1234 995 1353 1033 atque
1402 969 1911 1032 blasfemie.pssffffiffssggtmgfd

302 1044 403 1079 Nam
446 1042 558 1078 radix
596 1044 763 1079 sathane
804 1052 841 1079 et
879 1043 986 1079 scole
1020 1042 1217 1079 anticristi
1250 1043 1407 1080 videtur
1445 1053 1550 1079 stare
1582 1039 1913 1110 iniiiiEvaelsspiggiigpi

269 1100 370 1137 5i11a
402 1112 575 1148 persona
608 1113 684 1149 que
720 1101 845 1148 magis
880 1100 1130 1137 mendaciter
1161 1100 1325 1138 simulat
1357 1101 1462 1138 vices
1490 1101 1622 1138 Cristi.
1681 1109 1715 1136 of
1730 1109 1826 1136 Rome
1846 1108 1872 1135 is

304 1160 405 1194 Sunt
444 1167 578 1194 autem
620 1158 736 1194 huius
775 1159 881 1195 scole
921 1158 1133 1206 principia,
1175 1171 1218 1195 ex
1252 1159 1396 1207 quibus
1435 1168 1625 1196 secuntur
1649 1143 1904 1206 Chiifitfieviigar.

304 1216 582 1252 conclusiones
620 1217 800 1261 sathane,
841 1229 932 1253 curn
967 1216 1112 1264 quibus
1146 1218 1320 1264 populus
1359 1226 1415 1253 est
1449 1212 1915 1281 cecatus·mgiissaslgglfssaiissm

304 1274 497 1319 Primum,
542 1274 700 1310 videtur
745 1276 854 1322 quod
900 1287 945 1311 eo
989 1274 1078 1322 ipso
1124 1287 1203 1323 quo
1250 1274 1338 1323 quis
1384 1275 1543 1323 eligitur
1584 1275 1624 1311 in
1665 1282 1889 1310 HLHislaws

303 1345 517 1368 romanum
551 1332 800 1380 pontificem,
834 1332 918 1380 ipse
953 1341 1009 1368 est
1033 1342 1154 1380 caput
1179 1332 1343 1369 ecclesie
1365 1333 1495 1370 tocius
1521 1333 1625 1369 mili·
1661 1317 1897 1387 areGaObscgzezthe

250 1390 425 1426 rotantis
466 1399 502 1426 et
542 1403 724 1427 summus
763 1390 936 1427 vicarius
976 1390 1096 1427 Cristi
1135 1391 1175 1427 in
1217 1390 1346 1427 terris.
1394 1393 1624 1428 Secundum
1657 1398 1758 1425 These
1777 1397 1899 1433 Wyclif

304 1447 566 1496 principium:
602 1448 810 1497 Quidquid
844 1455 1091 1485 concernens
1125 1449 1245 1485 fidem
1280 1448 1365 1496 ipse
1389 1449 1624 1495 decreverit,
1717 1434 1844 1460 mtacks.

303 1506 432 1554 ipsum
460 1515 517 1542 est
540 1515 583 1542 ut
607 1506 866 1555 ewangelium
892 1508 1200 1554 acceptandum.
1226 1509 1274 1543 Et
1300 1508 1355 1543 3m
1379 1507 1624 1555 principium

305 1573 362 1600 est
387 1566 494 1612 quod
513 1565 619 1612 leges
643 1577 712 1601 sue
736 1573 828 1601 sunt
852 1565 939 1612 plus
960 1577 1081 1613 quam
1101 1564 1363 1612 ewangelium
1384 1567 1624 1613 exequende.

304 1624 360 1658 Ex
392 1622 468 1658 ista
500 1622 734 1670 triplicitate
766 1631 958 1659 secuntur
991 1622 1198 1659 blasfemie
1236 1622 1405 1659 infinite.
1455 1625 1503 1659 Et
1535 1623 1627 1660 licet

251 1685 287 1716 15
303 1680 414 1716 scola
454 1679 650 1716 anticristi
688 1689 891 1728 supponat
934 1680 1010 1716 ista
1054 1681 1131 1717 tria
1174 1690 1384 1729 tamquam
1431 1681 1627 1729 principia

305 1750 375 1786 per
420 1750 460 1774 se
504 1747 613 1783 nota,
665 1748 801 1775 tamen
845 1738 938 1775 licet
983 1738 1091 1775 fideli
1134 1738 1383 1775 notificando
1428 1751 1625 1776 venenum

305 1808 473 1843 arguere
507 1805 652 1832 contra
684 1796 764 1833 illa.

364 1855 514 1890 Contra
546 1854 743 1902 primurn:
780 1853 937 1890 videtur
970 1856 1078 1902 quod
1112 1854 1160 1890 sit
1192 1854 1352 1891 notorie
1386 1856 1625 1892 blasfemum
1678 1860 1769 1896 Many
1790 1860 1888 1894 popes

306 1911 576 1948 mendacium.
610 1914 711 1948 Nam
745 1912 896 1948 factum
931 1914 1048 1948 docet
1081 1913 1230 1948 multos
1254 1913 1352 1949 tales
1376 1913 1496 1949 fuisse
1521 1913 1627 1961 capi·
1660 1897 1906 1965 {ffisfifte}‚i{¹sstt⁷

249 1986 290 2007 20
306 1971 405 2006 tales
446 1979 665 2018 apostotas‚
712 1978 755 2005 ut
789 1970 853 2005 hic
894 1970 1155 2018 supponitur:
1200 1983 1307 2018 ergo,
1348 1971 1446 2006 illud
1488 1980 1628 2007 contra
1648 1965 1781 1992 Christ's
1797 1964 1917 1991 Vicars.

306 2029 414 2076 quod
464 2027 611 2064 militat
654 2028 805 2063 factum
851 2028 1056 2063 notorium
1108 2037 1167 2064 est
1215 2028 1332 2064 fallax
1383 2028 1627 2077 principium

306 2095 349 2121 ut
394 2085 443 2121 sit
487 2094 661 2122 metrum
706 2085 748 2121 in
798 2085 908 2121 omni
950 2085 1115 2122 accione
1149 2086 1292 2122 morali
1331 2086 1462 2122 tocius
1497 2086 1628 2134 praxis

308 2143 485 2180 ecclesie.
512 2145 623 2187 Item,
647 2144 781 2179 nullus
806 2152 862 2179 est
885 2143 976 2179 talis
1000 2143 1120 2179 Cristi
1144 2143 1329 2190 vicarius,
1350 2144 1424 2180 nisi
1443 2144 1629 2181 habuerit
1662 2149 1796 2178 Chrisi's
1816 2149 1900 2175 vicar

306 2200 697 2249 supereminenciain
736 2200 944 2237 virtutum.
991 2203 1068 2237 Sed
1114 2202 1352 2238 blasfemum
1401 2212 1457 2238 est
1497 2202 1630 2239 dicere
1691 2189 1773 2212 must
1795 2184 1870 2211 have

1675 2223 1759 2252 great
1779 2220 1889 2252 virtue,

1662 2254 1765 2282 which
1786 2253 1904 2280 neither

381 2355 400 2374 1.
429 2347 598 2382 capitulum
626 2348 755 2374 tercium
783 2348 865 2375 deest
893 2348 1046 2384 (margini
1069 2356 1216 2375 numerus
1236 2348 1296 2383 „3”
1323 2349 1418 2376 rubro
1445 2349 1551 2376 colore
1577 2350 1631 2376 ad-

309 2382 443 2417 scriptus
463 2385 515 2410 est)
539 2382 580 2414 (ῖς
608 2382 697 2416 nigro
718 2383 820 2409 colore
841 2382 874 2409 E.
978 2390 1002 2408 2.
1025 2383 1159 2410 radicem
1181 2384 1287 2418 lapsus
1309 2383 1399 2411 CDE.
1497 2382 1521 2411 3.
1545 2384 1632 2410 radix

311 2417 443 2444 simonie
464 2417 620 2449 apostasie
642 2417 801 2444 blasfemie
824 2417 866 2450 C;
896 2417 1029 2444 simonie
1050 2418 1086 2444 D.
1186 2419 1213 2444 6.
1236 2423 1386 2453 sequntur
1406 2417 1440 2445 C.
1538 2427 1563 2453 7.
1587 2423 1632 2444 est

312 2452 446 2486 populus
467 2451 499 2478 E.
559 2452 585 2479 8.
608 2452 761 2487 principia
782 2453 841 2479 tria
862 2453 944 2479 scole
965 2452 1116 2479 anticristi
1138 2452 1335 2480 destruunter
1350 2453 1380 2480 in
1395 2460 1497 2488 marg.
1512 2461 1579 2492 sup.
1596 2453 1630 2480 C.

312 2494 340 2521 9.
363 2486 462 2521 capud
484 2487 517 2513 E.
629 2495 657 2522 9,
681 2495 721 2513 io.
751 2487 849 2514 tocius
878 2487 1040 2514 militantis
1068 2487 1193 2514 ecclesie
1221 2486 1288 2519 CE;
1310 2490 1387 2522 post
1411 2488 1574 2515 militantis
1601 2489 1631 2514 in

311 2529 413 2557 marg.
436 2522 598 2556 repetitum
619 2525 683 2548 est:
705 2523 840 2549 ecclesie.
909 2530 942 2548 11.
965 2522 1109 2557 quitquid
1132 2521 1173 2552 C:
1195 2522 1339 2557 quicquid
1364 2523 1396 2549 E.
1464 2531 1498 2553 11,
1522 2530 1559 2549 12.
1582 2523 1633 2549 de-

312 2560 429 2582 cretum
453 2558 518 2583 eius
538 2561 571 2583 ut
591 2557 792 2591 ewangelium
815 2557 845 2583 in
867 2564 969 2592 marg.
991 2556 1025 2584 C.
1093 2563 1131 2583 12.
1153 2561 1181 2583 et
1201 2556 1286 2583 deest
1306 2556 1427 2584 ACDE.
1491 2555 1528 2584 13.
1551 2558 1632 2592 leges

313 2591 378 2617 eius
401 2591 478 2617 ultra
500 2590 703 2625 ewangelium
725 2592 755 2617 in
777 2599 878 2627 marg.
901 2590 935 2618 C.
1028 2599 1071 2625 ¹4·
1093 2596 1121 2618 et
1138 2599 1200 2626 pro
1221 2600 1256 2618 ex
1278 2591 1317 2620 C:
1345 2592 1382 2618 ih.
1406 2597 1576 2627 sequuntur
1597 2591 1631 2619 C.

314 2624 350 2652 15.
368 2629 441 2660 post
455 2625 513 2652 ista
527 2626 675 2661 scrzptum
690 2629 775 2652 erat:
797 2625 974 2660 triplicitate
996 2630 1141 2652 secuntur
1163 2626 1322 2653 blasfemie
1342 2626 1458 2653 infinite
1472 2627 1526 2653 sed
1539 2629 1634 2654 totum

313 2684 443 2711 deletum
463 2686 494 2711 et
512 2683 542 2710 in
563 2691 663 2719 marg.
679 2683 751 2710 add.
774 2687 836 2710 est:
858 2684 916 2710 tria
936 2684 973 2710 D.
1030 2691 1073 2710 22.
1096 2683 1126 2710 in
1146 2684 1233 2711 deest
1251 2684 1288 2716 ss;
1317 2684 1355 2710 ih.
1377 2684 1476 2711 tocius
1496 2683 1581 2710 deest
1600 2684 1633 2711 Β.

390 2789 416 2809 1.
450 2778 520 2809 For
545 2788 686 2810 reasons
713 2779 822 2810 stated
850 2780 884 2810 in
910 2778 968 2810 the
996 2779 1245 2818 Introduction,
1279 2779 1303 2810 it
1333 2778 1396 2810 has
1428 2779 1517 2810 been
1551 2790 1634 2810 con-

315 2825 451 2855 sidered
479 2835 712 2867 unnecessary
738 2832 773 2856 to
801 2826 965 2856 continue
983 2825 1041 2856 the
1061 2826 1227 2856 collation
1246 2825 1286 2856 of
1299 2824 1358 2856 the
1376 2826 1472 2857 MSS.
1492 2826 1634 2856 marked

316 2871 344 2901 D
373 2871 439 2902 and
466 2871 492 2902 E
527 2881 593 2913 any
626 2871 757 2902 further
789 2871 872 2902 than
903 2871 961 2903 the
994 2871 1185 2913 beginning
1219 2871 1258 2902 of
1280 2871 1338 2902 the
1363 2871 1454 2902 third
1483 2871 1634 2913 chapter.
