2067 3298
288 233 377 261 CAP.
398 233 435 261 v.
752 235 810 267 DE
838 235 1146 267 BLASPHEMIA.
1837 228 1888 274 67

287 350 330 378 ut
353 343 470 378 docet
484 343 616 378 Jeron.
634 341 674 378 in
690 341 802 389 epist.
821 341 865 377 18
892 342 941 378 ad
960 342 1203 387 Evandrum,
1228 353 1271 377 ex
1287 349 1393 378 textu
1411 341 1597 389 apostoli.

288 401 379 436 Ideo
403 399 501 436 dicit
532 399 839 436 archidiaconus
871 412 963 436 cum
997 399 1083 436 aliis
1117 399 1384 445 concorditer,
1419 401 1528 448 quod
1560 399 1600 436 in

286 466 469 506 tempore
501 458 776 506 apostolorum
809 470 890 494 non
913 458 1076 494 fuerunt
1098 457 1173 494 nisi
1197 458 1276 494 duo
1307 457 1467 494 ordines
1491 457 1599 503 cleri,

285 515 435 553 scilicet
467 515 660 553 diaconus
694 525 730 553 et
763 517 963 553 sacerdos.

254 578 269 611 5
345 576 392 610 Et
424 575 531 623 quod
564 573 661 610 illud
694 575 794 611 foret
828 574 969 611 melius
1002 582 1112 623 patet
1150 575 1300 611 nedum
1341 573 1598 621 auctoritate,
1614 579 1821 620 There-being
1839 581 1891 608 but

285 632 447 669 racione
480 642 518 669 et
550 632 740 681 practica,
782 634 851 669 sed
889 632 963 670 levi
996 641 1034 669 et
1065 633 1154 670 utili
1187 631 1449 680 experiencia.
1495 633 1596 668 Nam
1666 615 1848 677 gmlgfflttegf

285 699 437 727 certum
484 699 541 727 est
585 692 693 740 quod
738 699 867 727 totum
913 703 1037 739 genus
1082 693 1304 728 humanum
1346 699 1403 727 est
1441 698 1597 727 tantum
1615 686 1739 747 ‘'32³2ssss
1761 686 1889 754 ξνῧοζῗέἶθ

285 749 395 785 finite
453 748 765 786 honorificencie
825 749 1052 796 mundialis,
1114 749 1225 787 cuius
1284 761 1430 797 magna
1485 757 1599 797 parte
1637 755 1734 803 what·
1759 763 1812 795 pes
1833 760 1864 795 tq

284 807 477 844 attributa
511 807 617 844 clero
650 807 690 843 in
723 807 1007 855 cardinalibus,
1037 820 1197 846 necesse
1230 816 1287 844 est
1319 816 1448 844 totum
1484 820 1598 843 mun·
1614 791 1663 852 Ἓξ
1678 790 1883 852 ζῇζςῇῃῗὲῇρζῗ

230 880 268 902 10
285 867 435 902 danum
481 866 676 902 honorem
725 865 889 902 humani
927 866 1083 914 generis
1123 865 1303 903 debitum
1349 864 1598 902 secularibus
1615 860 1757 923 aectiffifn
1777 860 1877 922 ἕξω

183 927 245 969 41¹³
282 923 458 961 indebite
492 923 708 972 dispartiri.
739 922 742 976 Ι
772 926 819 960 Et
850 923 955 961 idem
988 933 1045 961 est
1071 923 1265 961 iudicium
1290 925 1338 960 de
1361 903 1889 972 sumptuosamrdenl’ng111&

283 981 435 1018 familia
468 990 506 1018 et
545 982 745 1030 expensis;
786 982 916 1018 cultor
954 982 1090 1031 itaque
1124 982 1237 1019 vinee
1277 981 1432 1019 domini
1470 990 1600 1030 potest
1641 965 1862 1036 unfflffgfflfal,

282 1039 451 1077 faciliter
483 1040 651 1089 experiri
681 1041 887 1089 quomodo
921 1040 1103 1087 ecclesia,
1137 1049 1333 1090 quantum
1368 1042 1418 1077 ad
1450 1040 1598 1077 fastum
1632 1035 1872 1098 ffisssffi'ffifflffi

283 1107 320 1135 et
352 1106 554 1148 questum,
600 1098 702 1135 foret
741 1107 968 1145 exonerata,
1015 1099 1046 1136 si
1085 1098 1205 1136 fuerit
1244 1098 1320 1135 isto
1353 1099 1481 1147 gradu
1515 1111 1600 1135 car·
1659 1105 1693 1133 of
1711 1105 1843 1141 worldly

229 1160 265 1193 15
282 1156 476 1194 dinalium
512 1165 742 1205 expurgata.
776 1159 824 1193 Et
856 1156 963 1193 istud
996 1158 1200 1194 deducunt
1232 1156 1398 1205 quidam
1432 1169 1476 1193 ex
1508 1158 1597 1203 hoc,
1702 1141 1799 1176 giory.

282 1216 389 1264 quod
422 1223 513 1264 post
545 1215 803 1252 dotacionem
837 1223 874 1252 et
907 1215 1212 1264 promocionem
1248 1214 1428 1262 ecclesie,
1464 1214 1598 1252 multi-

281 1273 430 1322 plicata
462 1282 553 1310 sunt
584 1276 733 1322 (preter
765 1274 893 1321 legem
927 1273 1148 1322 ewangelii)
1180 1273 1315 1311 officia
1354 1273 1596 1322 dignitatum

280 1331 321 1368 in
344 1331 586 1380 patriarchis
619 1341 657 1369 et
690 1331 962 1369 cardinalibus
996 1341 1033 1369 et
1066 1332 1154 1369 aliis
1188 1331 1380 1368 ministris
1413 1331 1598 1369 adiacen—

280 1389 398 1437 tibus,
432 1390 538 1427 ultra
571 1390 646 1427 hoc
670 1391 778 1439 quod
801 1399 859 1426 est
890 1390 1095 1427 fundabile
1127 1390 1167 1426 in
1200 1390 1399 1439 scriptura
1432 1390 1597 1427 alterius

224 1462 265 1484 20
280 1448 524 1486 testamenti.
558 1450 606 1485 Et
639 1462 730 1485 cum
763 1461 844 1485 non
868 1448 1234 1497 proporcionaliter
1267 1448 1410 1486 crescit
1442 1449 1596 1486 fructus

282 1507 506 1553 ministerii,
547 1506 765 1544 verisimile
803 1515 861 1543 est
900 1508 1007 1556 quod
1047 1519 1168 1544 causa
1201 1506 1318 1544 huius
1354 1507 1597 1556 multiplica-

281 1565 407 1602 cionis
449 1573 507 1602 est
546 1565 746 1615 cupiditas
779 1565 1083 1613 temporalium,
1126 1574 1163 1602 et
1204 1565 1397 1602 mundani
1432 1565 1597 1602 honoris

281 1623 458 1660 affeccio.
483 1623 547 1660 Sic
571 1623 675 1661 enim
692 1632 827 1672 posset
850 1624 926 1660 hoc
950 1623 1122 1671 devium,
1146 1623 1222 1660 nisi
1239 1625 1403 1661 haberet
1425 1624 1596 1669 frenum,

281 1683 499 1730 procedere
538 1681 705 1719 infinite.
752 1684 800 1718 Et
839 1691 1006 1730 pensata
1044 1683 1181 1730 regula
1221 1696 1302 1719 non
1336 1682 1598 1719 evacuabitur
1623 1688 1712 1725 They
1732 1687 1877 1716 consider

224 1740 377 1789 25quin
411 1753 598 1778 mensura
631 1740 765 1777 debita
794 1753 865 1789 per
888 1740 1063 1777 Cristum
1099 1741 1319 1778 exceditur:
1355 1742 1463 1789 quod
1496 1741 1598 1777 foret
1629 1724 1872 1786 ἑῐῑᾎᾞξῗιζξὸῃῗζ

203 1802 240 1833 C.
281 1798 400 1835 nimis
434 1798 704 1847 periculosum
730 1799 768 1835 in
791 1798 991 1847 principio
1015 1798 1218 1847 religionis
1243 1799 1376 1836 Cristi.
1401 1801 1597 1836 Fatentur
1628 1795 1789 1829 Apostles,
1810 1795 1869 1822 and

1619 1830 1683 1856 blas
1711 1829 1817 1860 heme;
1839 1830 1887 1857 for

281 1857 384 1893 enim
420 1870 461 1893 se
494 1858 643 1894 habere
675 1857 714 1893 in
747 1858 924 1906 quodam
957 1857 1099 1894 ordine
1137 1866 1350 1906 tamquam
1390 1858 1682 1906 apostoloslifflt
1706 1872 1722 1903 ρ
1743 1864 1869 1891 (jhm-ch

280 1915 319 1951 in
352 1916 533 1963 profectu
567 1915 753 1953 ecclesie:
789 1917 897 1964 quod
930 1924 988 1952 est
1022 1915 1250 1953 evidencius
1284 1916 1323 1952 in
1357 1915 1596 1952 causacione
1611 1903 1888 1970 ’Ξῑᾞεῖἷῗῃξζᾷθῗυᾞ

280 1974 458 2011 defectus
481 1974 658 2011 ecclesie.
684 1973 817 2010 Primo
843 1973 947 2010 enim
973 1975 1211 2011 blasfemant
1230 1987 1352 2023 supra
1375 1974 1596 2023 apostolos,
1630 1968 1792 2038 &gafgffi
1812 1977 1864 2031 {iiie

222 2035 265 2067 30
281 2033 387 2080 quod
420 2032 504 2069 sine
536 2032 717 2081 ipsorum
752 2032 920 2080 collegio
959 2046 1039 2069 non
1078 2041 1155 2069 stat
1193 2032 1256 2069 via
1295 2041 1382 2069 rata
1416 2032 1595 2069 ecclesie.
1674 2039 1827 2066 therefore

280 2092 329 2126 Et
362 2103 451 2127 cum
489 2091 745 2127 manifestum
780 2091 829 2127 sit
863 2093 970 2139 quod
1003 2091 1090 2139 ipsa
1124 2091 1269 2136 deviat,
1294 2099 1455 2139 oportet
1487 2090 1596 2138 ipsos
1641 2074 1807 2135 unwpurlttpy
1828 2078 1858 2100 to

280 2150 500 2185 concedere
533 2151 641 2198 quod
673 2149 747 2197 ipsi
787 2148 1065 2198 principaliter
1098 2158 1264 2186 causant
1304 2150 1379 2185 hoc
1420 2148 1594 2186 devium.

279 2208 378 2243 Cum
405 2207 523 2254 enim,
557 2217 600 2244 ut
632 2207 831 2256 inquiunt,
865 2209 1013 2244 habent
1046 2220 1067 2244 a
1101 2209 1176 2244 deo
1210 2207 1425 2244 comissam
1457 2220 1595 2244 curam

279 2265 456 2311 ecclesie,
516 2266 575 2303 vel
635 2274 795 2314 oportet
854 2278 920 2302 eos
979 2266 1019 2302 in
1078 2278 1119 2302 se
1181 2266 1331 2313 fingere
1393 2265 1593 2302 defectum

221 2326 260 2358 35
278 2323 498 2371 regiminis,
536 2324 596 2361 vel
629 2323 668 2359 in
703 2326 790 2360 deo.
839 2324 948 2361 Talis
987 2337 1081 2372 ergo
1120 2324 1336 2361 blasfemus
1378 2332 1435 2360 est
1475 2323 1594 2359 nimis

347 2489 367 2508 1.
400 2487 512 2517 eugeum
541 2481 573 2508 B.
716 2480 744 2516 8,
774 2489 803 2516 9.
836 2490 980 2517 magnam
1011 2486 1129 2517 partem
1160 2482 1338 2509 attributam
1368 2489 1473 2510 omnes
1502 2481 1593 2510 MSS.

278 2546 311 2565 11.
333 2539 490 2574 dispertiri
512 2539 576 2566 AB.
668 2539 708 2567 18.
730 2526 796 2568 cai.
818 2540 876 2573 libi
893 2542 937 2575 (et
955 2540 985 2567 in
1007 2542 1122 2577 marg.)
1143 2532 1282 2574 cardiab5
1303 2540 1341 2566 A.
1433 2547 1475 2575 19,
1496 2548 1541 2567 20.
1564 2540 1593 2567 in

277 2596 371 2623 altero
392 2601 576 2624 testamento
598 2597 657 2624 BC.
750 2597 792 2625 25.
814 2598 934 2625 exce-ir*
955 2599 993 2625 A.
1084 2598 1129 2626 28.
1150 2584 1262 2625 cfficoe
1283 2598 1317 2626 C.
1409 2597 1455 2625 30.
1478 2598 1542 2625 sine
1563 2598 1593 2625 in

276 2639 377 2667 marg.
398 2632 496 2667 suppl.
518 2632 552 2659 C.

348 2737 377 2758 2.
418 2727 533 2759 Guido
573 2728 615 2759 de
647 2729 775 2769 Baisio,
815 2739 857 2760 an
892 2729 1011 2760 Italian
1048 2727 1260 2770 theologiam,
1300 2726 1518 2760 archdeacon
1557 2727 1598 2759 of

277 2773 453 2816 Bologna3
486 2774 572 2805 born
600 2775 634 2806 in
660 2775 811 2817 Reggi03
845 2776 924 2807 died
952 2775 1037 2807 after
1066 2776 1162 2808 1300.
1190 2774 1304 2806 There
1331 2784 1387 2806 are
1415 2785 1459 2806 no
1486 2774 1594 2806 fewer

276 2819 358 2851 than
390 2821 440 2852 six
472 2831 620 2862 persons
652 2822 854 2863 designated
888 2822 932 2864 by
958 2822 1016 2854 the
1041 2823 1114 2854 title
1139 2822 1179 2853 of
1200 2821 1488 2854 Arclzidiaconus.
1528 2821 1593 2852 See

277 2866 471 2898 Franklin’s
493 2867 739 2900 Dictionnaire
765 2869 826 2900 des
847 2869 1113 2911 pseudonymes
1139 2868 1256 2900 latins.

1413 2925 1459 2957 5³1(-
