2067 3298
286 249 375 278 CAP.
396 248 432 276 V.
733 249 791 281 DE
818 247 1127 280 BLASPHEMIA.
1834 247 1883 281 79

285 358 437 394 nullum
463 364 672 405 peccatum
708 353 905 392 committi
938 361 1082 402 potest,
1116 351 1191 388 nisi
1225 353 1319 387 dum
1350 358 1594 399 appetuntur
1622 355 1824 395 sin-consistts
1844 356 1874 383 in

288 429 332 452 ea
377 427 452 464 que
496 414 580 463 ipse
625 413 882 461 contempsit,
930 420 999 448 aut
1041 411 1247 458 fugiuntur
1299 421 1343 445 ea
1390 421 1465 457 que
1511 407 1595 456 ipse
1627 395 1868 461 Ηῇξζηὲχζξὲῗέξ

288 473 514 521 sustinuit);
547 472 622 508 ista
655 471 776 520 igitur
809 471 905 507 fides
939 471 986 506 de
1018 469 1098 506 vita
1122 467 1242 505 Cristi
1277 477 1312 504 et
1346 467 1429 504 eius
1463 466 1595 502 imita·
1629 460 1875 523 ῗῑὲῖνέῇἒρῑέΰῇξέῗῖ

288 532 401 568 cione
443 531 483 566 in
523 530 700 566 moribus
734 529 895 565 indubie
928 540 998 576 per
1031 526 1285 564 anticristum
1320 534 1377 561 est
1411 524 1594 561 extincta.
1653 531 1794 565 example
1815 530 1845 556 in

256 590 441 626 5Cristus
475 588 579 625 enim
613 587 749 625 docuit
782 600 874 624 suos
909 587 1104 622 mundun]
1138 584 1382 633 relinquere3
1429 591 1467 619 et
1506 583 1596 618 ideo
1653 573 1743 600 every
1763 573 1841 601 way.

288 657 368 684 tarn
401 646 481 684 vita
505 659 625 696 quarn
652 647 774 683 verbo
797 644 1090 694 possessionem
1124 652 1375 681 terrenorum
1410 640 1596 678 deseruit.

289 705 528 742 Anticristus
562 713 694 741 autern
728 712 890 740 econtra
923 701 1046 739 trahit
1088 703 1137 738 ad
1176 701 1327 746 infima,
1375 713 1464 736 cun]
1505 711 1599 735 con-

289 764 410 800 nectit
443 776 482 800 se
516 776 606 799 cum
640 762 731 809 illis,
764 771 846 799 tam
882 770 1012 798 mente
1046 773 1166 809 quam
1208 771 1390 807 corpore.
1436 756 1598 794 Intricat

289 831 421 858 autem
446 834 485 858 se
509 834 598 857 curn
624 820 747 866 laicis,
782 820 836 857 sic
860 821 967 868 quod
991 817 1219 856 necessitati
1242 826 1333 854 sunt
1356 829 1425 865 per
1448 816 1597 852 clerum

236 889 370 917 iotam
406 880 587 927 exemplo
620 878 751 927 operis
785 891 905 927 quarn
945 877 1107 925 egencia
1146 875 1366 924 corporalis
1404 882 1599 910 sustenta-

290 937 427 984 cionis,
462 937 580 973 nimis
612 938 819 973 attendere
852 937 902 972 ad
934 944 1104 972 terrena.
1140 934 1204 971 Sic
1227 934 1348 982 quod⁷
1381 932 1447 969 ubi
1473 932 1600 968 clerus

291 995 409 1033 Cristi
443 994 717 1044 multipliciter
749 994 867 1031 traxit
899 993 1080 1030 homines
1119 994 1169 1029 ad
1207 1004 1430 1036 ascensum,
1472 991 1600 1026 clerus

290 1054 484 1091 anticristi
517 1053 635 1090 traxit
669 1052 932 1101 multiplicius
965 1053 1015 1088 ad
1049 1052 1297 1088 descensum.

359 1219 383 1238 2.
405 1219 438 1238 ea
458 1211 541 1238 deest
561 1210 626 1238 Ac.
709 1218 735 1245 7,
758 1210 785 1237 S.
807 1210 957 1236 convertit
978 1209 1010 1236 Β.
1095 1217 1122 1243 9.
1145 1208 1180 1235 ad
1198 1216 1258 1243 pro
1281 1216 1334 1242 pes
1355 1207 1388 1234 Β.
1474 1214 1514 1233 10.
1537 1213 1601 1232 cai*—

290 1247 368 1274 nalis
390 1248 427 1273 A.
503 1245 539 1273 13.
562 1246 598 1272 ad
621 1245 802 1272 descensum
827 1245 866 1271 do
889 1245 976 1279 pekla
998 1244 1027 1270 1¹71
1050 1251 1151 1279 marg.
1173 1243 1207 1271 (Σ.
