2067 3298
184 750 327 786 Suppose
347 750 452 778 Christ

182 794 273 817 were,
288 786 456 818 unknown,

209 826 239 847 10
261 821 360 847 blame
381 820 429 846 tlie

207 855 338 890 prelates
359 862 430 881 now

199 890 257 917 and
280 889 432 916 condemn

212 924 261 951 the
283 923 380 951 traffic
400 923 430 950 in

256 958 381 986 Church

210 993 364 1028 dignities,
386 992 422 1019 he

179 1028 282 1054 would
306 1029 340 1054 be
362 1027 454 1054 burnt

192 1071 225 1089 as
246 1070 261 1089 a
283 1062 396 1089 heretic
417 1070 453 1089 or

197 1097 343 1132 despised
367 1104 400 1123 as
421 1105 437 1123 a

231 1132 394 1158 madman:

248 1173 295 1193 tor
315 1167 386 1201 they

197 1205 354 1235 persecute
374 1201 431 1229 His

214 1236 368 1262 members
390 1236 419 1263 in

179 1270 236 1297 like
258 1278 387 1297 manner
406 1271 455 1297 for

236 1313 269 1330 so
291 1305 394 1339 doing.

195 1847 261 1874 The
280 1847 427 1881 Apostles

182 1882 268 1909 Peter
288 1881 346 1908 and
369 1882 439 1909 Paul

218 1924 293 1952 gave
314 1916 402 1943 other

173 1960 258 1978 exam
287 1950 451 1985 le53Judas

173 1987 230 2013 had
253 1960 303 2013 iiie
324 1993 393 2012 care
414 1985 448 2012 of

174 2022 222 2048 the
244 2029 367 2056 money,
390 2020 448 2047 and

202 2057 251 2083 the
273 2056 418 2089 deacons,

184 2091 301 2117 trusted
322 2091 352 2117 in
374 2090 432 2116 like

191 2133 327 2159 manner,
347 2132 426 2151 were

227 2161 323 2186 below
344 2160 393 2186 tlie

230 2196 388 2230 Apostles.

912 235 1134 266 „IOHANNIS
1166 235 1345 265 WYCLIF
1628 232 1718 260 (LAP.
1738 232 1791 260 IV.

477 342 732 378 tubacionem
757 353 825 377 sue
850 341 1025 378 ecclesie.
1053 343 1094 376 ln
1117 340 1228 376 cuius
1252 340 1423 387 signum,
1458 350 1623 388 propter
1646 340 1791 377 stricti-

476 399 657 435 tudinem
699 398 833 446 anguli
880 398 1274 434 semidiametrorum
1318 398 1357 433 in
1399 406 1505 434 terra
1549 411 1790 435 concurren-

476 457 580 493 cium
616 457 716 492 fiunt
750 456 942 503 angustie,
977 455 1241 492 dissensiones
1275 464 1312 490 et
1345 455 1459 499 bella,
1495 464 1531 491 et
1563 456 1790 503 specialiter

475 516 522 550 de
544 523 687 550 vocato
711 513 955 562 patrimonio
980 512 1155 549 crucifixi
1180 522 1216 548 et
1239 513 1278 547 in
1302 520 1408 548 secta
1437 512 1644 549 cristiana:
1680 515 1789 561 quod

473 572 638 616 indicat,
672 584 762 607 cum
797 580 917 619 caput
938 580 1119 607 nostrum
1141 570 1295 606 Cristus
1327 582 1409 605 non
1441 579 1571 617 potest
1605 571 1786 616 deficere,

474 631 580 677 quod
612 637 753 665 vocata
787 630 967 664 membra
1007 628 1239 664 discordant
1277 640 1298 663 a
1337 627 1480 675 capite,
1521 640 1542 663 a
1576 641 1656 676 quo
1690 629 1788 664 reci-

474 696 613 735 perent
638 687 800 722 celestes
824 685 1060 721 influencias
1079 698 1150 733 per
1164 684 1467 721 observanciam
1486 688 1785 722 mandatorum.

532 747 573 780 ln
597 753 767 789 tantum,
792 745 900 791 quod
933 743 964 779 si
988 743 1141 780 Cristus
1166 743 1340 790 prelatus
1364 741 1589 790 incognitus
1611 743 1788 780 visiteret

473 801 681 850 peregrine
726 802 903 849 prelatos
942 800 1054 836 istius
1100 800 1263 836 ecclesie
1313 800 1520 847 presencia
1573 801 1785 849 corporali,

474 860 720 907 instaretque
754 859 967 906 inportune
1002 867 1140 894 contra
1172 867 1336 894 vocatos
1362 857 1443 894 eius
1467 858 1650 903 vicarios,
1684 858 1786 894 sicut

473 917 569 953 olim
602 916 745 952 institit
779 925 917 952 contra
942 915 1137 952 minorem
1172 915 1387 952 avariciam
1422 917 1692 962 sacerdotum,
1729 925 1786 952 est

474 975 634 1011 evidens
663 976 769 1022 quod
806 973 1159 1010 excomunicarent
1192 985 1282 1009 eum
1323 973 1363 1008 in
1403 973 1513 1009 curia
1547 986 1714 1010 romana
1748 983 1785 1010 et

471 1033 546 1069 nisi
592 1032 800 1068 veritatem
847 1043 1034 1067 revocare
1073 1031 1256 1075 voluerit,
1304 1032 1647 1079 condempnarent
1692 1043 1783 1067 eum

472 1092 522 1126 ad
556 1090 687 1138 ignem
722 1099 929 1137 tamquam
967 1089 1184 1125 hereticum
1220 1098 1256 1124 et
1290 1089 1539 1126 blasfemam.
1581 1089 1645 1125 Sic
1678 1089 1783 1125 enim

471 1157 734 1196 persecuntur
768 1147 850 1183 eius
885 1148 1079 1192 membra,
1121 1146 1187 1193 qui
1227 1146 1391 1182 remisse
1424 1146 1544 1182 nimis
1579 1156 1616 1182 et
1647 1159 1784 1183 vecor-

471 1206 573 1242 diter
606 1205 743 1241 dicunt
777 1204 979 1241 modicam
1015 1204 1228 1240 scintillam
1254 1204 1576 1240 conversacionis
1602 1204 1721 1240 Cristi
1746 1214 1783 1240 et

470 1263 779 1311 obligacionem,
804 1263 1051 1310 prelatorum
1077 1261 1279 1309 precipue,
1303 1263 1353 1297 ad
1376 1263 1625 1309 sequendum
1650 1262 1781 1309 ipsum

470 1321 509 1357 in
542 1321 740 1357 moribus:
775 1329 829 1365 ut,
864 1320 895 1356 si
927 1329 1135 1368 tamquam
1159 1331 1225 1354 rex
1248 1321 1519 1355 substerneret
1550 1320 1781 1356 mercandia

470 1379 634 1415 ecclesie
667 1378 769 1414 sicut
802 1377 912 1422 olim,
953 1386 990 1413 et
1023 1377 1245 1425 preciperet
1278 1377 1398 1412 servis
1433 1377 1512 1412 suis
1547 1389 1616 1424 per
1649 1386 1776 1413 totum

468 1436 682 1484 imperium
700 1437 806 1484 quod
825 1448 906 1471 non
925 1436 1071 1471 debent
1087 1436 1318 1482 presbytero
1335 1434 1453 1471 Cristi
1472 1435 1779 1482 possessionem,

468 1506 540 1530 nec
582 1493 817 1541 permittant
855 1505 943 1529 eum
980 1492 1188 1541 quitquam
1229 1504 1428 1540 occupare
1465 1493 1569 1528 ultra
1607 1493 1778 1528 formam

468 1564 588 1600 quam
623 1551 776 1587 Cristus
809 1550 982 1586 instituit
1016 1550 1083 1595 eis,
1124 1562 1245 1597 quam
1287 1550 1493 1586 maniacus
1526 1559 1781 1597 reputaretur

466 1621 533 1645 rex
566 1618 603 1645 et
636 1622 757 1657 quam
793 1608 1188 1644 excommunicatum
1223 1609 1428 1643 decretum
1470 1607 1644 1643 edicere!
1685 1608 1779 1656 quia

466 1666 779 1714 dampnabiliter
810 1674 998 1702 causatur
1024 1667 1131 1713 quod
1168 1667 1341 1701 mundus
1370 1665 1485 1701 aliter
1515 1665 1632 1713 exigit
1662 1665 1779 1701 hodie

465 1724 505 1760 in
536 1724 713 1772 prelatis,
750 1736 839 1759 cum
872 1732 1033 1770 oportet
1067 1735 1132 1758 eos
1166 1723 1399 1758 seculariter
1421 1723 1566 1768 vivere,
1601 1735 1647 1759 eo
1672 1725 1779 1770 quod

467 1782 582 1818 aliter
615 1782 654 1817 in
688 1783 920 1829 despectum
947 1790 983 1816 et
1007 1780 1299 1828 disparenciam
1330 1780 1537 1828 potestatis
1560 1781 1779 1828 presbyteri

466 1839 615 1887 periret
660 1839 833 1887 dignitas
878 1839 1140 1886 prelatorum.
1195 1840 1272 1874 Ista
1322 1847 1453 1874 autem
1501 1837 1778 1886 interpellacio

467 1898 663 1933 blasfema
686 1896 875 1944 preponit
908 1897 1103 1931 mundum
1139 1895 1323 1940 domin03
1358 1896 1451 1943 quia
1475 1897 1582 1943 quod
1606 1898 1778 1932 mundus

466 1955 633 2003 requirit
655 1956 940 2002 preponderat,
966 1966 1071 1999 cum,
1097 1953 1272 1989 dimissis
1297 1953 1415 1990 Cristi
1439 1953 1628 1999 consiliis,
1648 1953 1778 2002 querit

465 2070 735 2106 maioritatem
759 2069 1019 2117 sophisticam
1044 2081 1125 2104 non
1149 2068 1378 2116 quesierunt
1401 2068 1584 2116 apostoli,
1617 2071 1777 2116 quando

465 2129 603 2164 Petrus
627 2127 742 2163 latuit
765 2127 804 2163 in
829 2128 950 2163 domo
975 2125 1134 2163 coriarii
1158 2135 1195 2162 et
1220 2127 1364 2162 Paulus
1389 2126 1463 2162 arti
1489 2126 1777 2162 scenofactorie

533 2280 556 2298 ’.κ
587 2272 685 2306 angeli
715 2280 820 2299 omnes
849 2271 960 2304 MSS.;
989 2272 1026 2298 izv.
1059 2271 1334 2306 semidyametrun]
1367 2270 1400 2298 C.
1518 2271 1545 2296 (i.
1577 2271 1706 2304 accipite
1736 2272 1775 2298 A.

462 2337 490 2364 ¹)-
514 2321 612 2365 plat'os
633 2329 663 2370 ip
684 2328 751 2363 ist19
772 2330 817 2363 A,
840 2329 974 2363 prelatos
995 2329 1081 2356 deest
1099 2328 1133 2356 C.
1192 2336 1232 2355 10.
1255 2336 1290 2362 q3
1311 2340 1343 2351 =
1364 2327 1435 2362 quia
1455 2328 1498 2361 A;
1520 2340 1552 2351 =
1572 2335 1609 2362 q]
1630 2329 1712 2363 quod
1735 2329 1774 2362 (ἐς

462 2387 501 2413 ib.
522 2387 667 2421 inportue
687 2387 731 2419 A;
758 2386 899 2424 ini—mune
920 2386 953 2413 C.
1059 2393 1097 2413 12.
1119 2391 1146 2413 et
1167 2386 1251 2413 deest
1270 2394 1373 2412 omnes
1393 2384 1484 2412 MSS.
1586 2394 1627 2419 14.
1649 2393 1717 2413 cnm
1741 2387 1772 2413 Ρ).

462 2442 498 2470 15.
521 2448 548 2471 et
569 2444 661 2471 nimis
683 2444 717 2471 C.
816 2452 854 2477 ¹7-
877 2451 962 2476 eum;
992 2443 1022 2470 in
1044 2451 1144 2479 marg.
1166 2443 1268 2478 ipsum
1290 2443 1328 2469 A.
1428 2450 1468 2476 ις).
1490 2442 1616 2469 ecclesie
1637 2443 1720 2470 deest
1739 2443 1772 2470 C.

462 2508 505 2527 20.
529 2501 617 2527 debet
638 2509 740 2528 omnes
759 2500 850 2528 MSS.
916 2507 958 2527 22.
981 2501 1109 2535 mai'aco
1131 2501 1169 2527 A.
1237 2500 1283 2528 28.
1307 2500 1454 2527 blasfemo
1476 2500 1507 2526 Β.
1573 2508 1619 2535 29.
1642 2491 1713 2532 siff,
1734 2501 1772 2527 A.

461 2557 504 2585 32.
526 2558 638 2593 cai'ary
657 2559 700 2591 A;
727 2558 763 2585 ib.
787 2549 944 2585 scenofc‘80
964 2558 1009 2591 A;
1037 2561 1207 2584 scenevect⁹
1229 2557 1260 2583 Η.

532 2662 561 2682 2.
589 2653 697 2693 Being
714 2652 840 2683 unable
859 2659 893 2683 to
914 2651 983 2683 find
1003 2662 1069 2694 any
1088 2662 1187 2683 sense
1207 2652 1239 2682 in
1259 2651 1316 2682 the
1336 2652 1477 2692 reading
1494 2652 1625 2694 angeli,
1654 2651 1663 2682 I
1682 2651 1772 2682 have

467 2699 643 2739 supposed
670 2698 742 2729 that
767 2698 824 2729 the
851 2708 997 2739 passage
1022 2698 1085 2729 has
1111 2697 1311 2739 something
1329 2704 1363 2728 to
1383 2698 1428 2728 do
1448 2697 1529 2727 with
1549 2697 1770 2738 astrologica]

460 2744 683 2785 predic-rioms,
703 2744 764 2774 rife
784 2745 817 2774 in
834 2744 934 2775 those
954 2745 1048 2786 days.
1068 2743 1221 2785 Perhaps
1235 2751 1306 2774 two
1325 2743 1507 2773 untoward
1527 2743 1660 2784 planets
1680 2753 1771 2773 were

460 2790 577 2831 nearly
596 2790 629 2820 in
648 2790 872 2830 coniunctiori
892 2797 924 2820 at
940 2790 1013 2821 that
1030 2791 1112 2821 time
1131 2791 1197 2820 and
1216 2789 1303 2820 their
1329 2790 1424 2827 radii,
1452 2790 1570 2819 drawn
1597 2789 1684 2820 from
1712 2788 1769 2819 the

461 2836 585 2866 central
606 2837 702 2877 point
720 2837 817 2868 earth
844 2837 945 2867 made
965 2847 981 2867 a
1000 2846 1082 2878 very
1102 2843 1199 2867 acute
1219 2836 1318 2877 angle
1339 2835 1396 2876 (cf.
1416 2836 1601 2866 Sermones
1621 2836 1658 2873 ΙΙ,
1680 2834 1769 2875 1213).

1808 871 1815 891 I

1796 2012 1810 2023 o

1825 871 1845 891 Ο

465 2012 600 2048 fictam
655 2011 941 2060 apparenciam
1000 2012 1133 2059 quoad
1187 2013 1394 2047 mundum.
1447 2011 1588 2047 Talem
1643 2020 1836 2047 autem:›0
