2067 3298
201 261 274 293 ¹40

194 604 367 632 Contrition
384 603 470 629 alone

223 647 248 665 1s
269 638 441 671 absolutely

207 681 385 707 necessary&
408 673 458 699 the

277 712 337 734 rest
358 708 383 734 is

205 751 376 777 acccssory,
399 742 456 767 und

205 779 225 804 it
248 778 271 804 is
293 785 401 810 wrong
421 781 451 802 to

217 813 303 847 equa!
326 812 440 838 human

211 850 399 873 observanter>
420 850 449 871 to

212 881 342 909 Christ&
365 881 446 907 Law.

206 1128 247 1156 So
269 1131 299 1153 to
322 1126 405 1160 reply
427 1129 457 1151 to

213 1163 261 1189 the
283 1160 451 1194 objections

224 1197 252 1223 in
274 1195 375 1227 detail,
397 1203 443 1221 we

202 1236 284 1259 must
306 1235 375 1257 note
396 1230 460 1256 that

212 1267 295 1293 there
317 1274 365 1292 are
387 1269 448 1291 two

229 1306 379 1328 extremes
400 1300 434 1326 ot'

202 1344 287 1363 error
308 1335 341 1362 of
359 1333 459 1361 which

260 1379 304 1397 we
327 1374 409 1396 must

196 1406 330 1432 beware:
352 1412 419 1436 one,
442 1404 476 1429 ot'

196 1440 346 1475 believing
366 1439 431 1465 that
452 1446 467 1464 a

914 256 1136 287 ,IOHANNIS
1166 255 1347 286 WYCLIF
1631 251 1720 278 (ΖΑΓ.
1742 252 1793 278 lX.

484 377 612 411 neque
646 372 741 410 aput
775 363 873 399 alios
907 374 1082 407 accuses,
1118 363 1186 397 sed
1220 361 1384 397 obedire
1417 370 1454 396 te
1482 361 1572 396 volo
1604 361 1797 407 prophete
1862 390 1898 415 μς

486 421 646 461 dicenti,
682 421 826 456 Revela
857 421 1010 455 domino
1039 420 1137 455 viam
1162 427 1289 454 tuam:
1317 428 1408 454 ante
1438 418 1647 454 dominum
1678 417 1799 465 igitur
1815 411 1954 481 ΧΧξνῐ,

486 489 552 515 tua
578 479 767 515 confitere
796 487 973 526 peccata,
1008 487 1100 514 ante
1130 479 1246 513 deum
1278 476 1451 512 iudicem
1487 488 1576 512 curn
1611 475 1799 512 oracione
1880 481 1889 485 ”

486 537 629 573 delicta
662 546 727 572 tua
762 535 1024 583 pronunccia,
1057 548 1137 571 non
1170 535 1318 582 lingua,
1353 535 1421 570 sed
1454 533 1704 570 consciencie
1733 542 1800 569 tue

486 594 722 630 memoria.‘'
750 593 951 641 Quicquid
976 602 1108 629 autem
1135 592 1276 628 dixerit
1299 592 1514 628 Graciosus
1536 592 1597 627 vel
1620 591 1700 637 alii,
1726 592 1801 627 hoc
1821 594 1836 626 5

486 652 592 689 cadit
624 654 696 688 sub
721 660 909 699 precepto
942 660 1150 699 tamquam
1185 662 1439 686 necessarum
1466 651 1515 685 ad
1545 650 1729 695 salutern,
1765 657 1801 684 et

486 710 593 746 aliud
618 719 674 746 est
698 722 790 757 sepe
820 710 865 744 de
897 710 988 745 bene
1020 721 1111 745 esse.
1148 709 1270 744 Radix
1304 708 1439 756 itaque
1473 707 1618 743 erroris
1652 716 1729 743 stat
1763 706 1802 742 in

484 767 763 816 parificatione
807 766 1042 803 tradicionis
1087 767 1275 811 humane,
1322 778 1411 801 curn
1457 766 1611 801 lucrum
1658 765 1800 812 sapiat,

485 825 684 862 mandatis
709 824 883 870 domini3
918 824 1019 861 sicut
1042 824 1216 872 religiosi
1240 824 1366 860 nostri
1387 823 1525 859 dicunt
1549 824 1658 871 quod
1680 834 1801 858 omne

484 885 718 920 mandatum
753 882 811 919 sui
845 883 989 930 prelati
1023 882 1167 930 privati
1201 881 1393 929 prepositi
1428 882 1545 917 debet
1577 880 1726 917 servari
1759 890 1801 917 ut
1825 894 1862 914 10

485 943 675 978 mandata
711 940 878 986 domini,
915 940 1040 976 eciam
1072 941 1159 988 plus
1184 953 1305 988 quam
1330 939 1449 976 Cristi
1474 939 1654 976 consilia.
1690 940 1738 974 Et
1761 938 1801 974 in

484 1000 559 1036 ista
593 1000 685 1035 ficta
719 998 954 1035 obediencia
988 1007 1045 1034 est
1077 998 1197 1034 nimis
1232 1010 1399 1045 magnus
1432 998 1567 1045 lapsus
1597 996 1801 1044 religionis

485 1058 692 1102 cristiane;
729 1066 765 1093 et
798 1069 869 1104 per
904 1058 980 1092 hoc
1014 1065 1123 1104 patet
1156 1055 1365 1103 responsio
1399 1056 1449 1091 ad
1483 1057 1682 1091 doctores.

545 1118 620 1152 Pro
660 1128 739 1163 quo
779 1116 1002 1151 notandum
1037 1115 1144 1162 quod
1179 1114 1321 1162 duplex
1353 1112 1426 1148 fuit
1460 1125 1571 1149 error
1604 1121 1801 1148 extremus

487 1174 592 1211 circa
659 1173 949 1210 confessionem
1010 1174 1269 1220 peccatorum
1332 1171 1559 1207 faciendam
1626 1169 1794 1207 homini.
1824 1173 1859 1205 15

488 1232 645 1268 Primus
678 1231 773 1267 dixit
807 1232 915 1279 quod
947 1243 1065 1266 nemo
1100 1232 1216 1266 debet
1254 1230 1295 1266 in
1334 1242 1427 1265 casu
1468 1228 1603 1277 aliquo
1647 1228 1801 1264 homini

489 1289 683 1334 confiteri,
730 1298 767 1325 et
807 1298 947 1325 contra
985 1289 1084 1324 illud
1122 1288 1355 1325 invexerunt
1395 1288 1582 1323 doctores
1615 1286 1799 1334 predicti.

488 1349 693 1385 Secundus
728 1359 840 1383 error
873 1346 1001 1383 maior
1034 1346 1229 1394 surrepsit
1265 1358 1356 1382 cum
1390 1345 1509 1381 sectis
1532 1344 1643 1392 signa
1669 1345 1801 1381 colen-

488 1406 607 1452 cium,
631 1405 765 1442 dicens
785 1407 892 1454 quod
911 1404 984 1441 nisi
1004 1404 1093 1453 quis
1118 1404 1360 1440 confiteatur
1382 1404 1605 1439 secundum
1628 1403 1802 1439 formam

372 1474 404 1500 ht
424 1473 453 1500 in
488 1474 524 1501 et
547 1474 705 1512 ternpus
731 1464 838 1512 quod
862 1462 936 1511 ipsi
970 1462 1243 1507 instituerunt,
1278 1474 1323 1498 eo
1347 1461 1434 1509 ipso
1458 1473 1502 1497 ex
1524 1460 1803 1497 inobediencia
1821 1475 1861 1495 20

216 1483 286 1502 inan
308 1483 368 1509 ougqY

245 1518 283 1536 no
305 1518 372 1536 case
393 1514 425 1535 to

225 1544 364 1571 confess:
386 1545 437 1570 the

251 1580 337 1606 other
357 1579 421 1605 that

196 1614 373 1641 confession
391 1616 473 1639 must

487 1522 626 1559 incidit
650 1522 689 1558 in
716 1522 894 1557 mortale.
921 1523 968 1557 Et
992 1521 1109 1557 istam
1136 1519 1387 1556 blasfemiam
1410 1519 1635 1555 niterentur
1660 1527 1802 1554 cuncta

489 1581 624 1617 fideles
659 1581 877 1625 destruere,
925 1580 1099 1615 tenendo
1136 1577 1314 1615 medium
1346 1577 1590 1613 virtuosum:
1637 1575 1801 1621 scilicet,

214 1649 319 1676 follow
340 1647 454 1675 certain
488 1640 596 1687 quod
630 1639 874 1686 quandoque
914 1638 1030 1673 debet
1070 1638 1193 1673 homo
1232 1635 1354 1684 gratis
1395 1635 1577 1672 confiteri
1619 1633 1801 1679 antistiti,

239 1684 324 1711 striet
344 1684 430 1710 lines.

231 1764 432 1798 Augustine‘s

209 1800 312 1826 words
335 1800 412 1826 ret'ei·
431 1803 462 1825 to

239 1836 288 1862 the
308 1836 425 1861 tormer

219 1878 320 1903 error;
343 1870 401 1896 and
423 1869 445 1896 it

199 1913 267 1940 may
284 1905 318 1931 be
333 1905 382 1931 the
397 1904 471 1939 duty

210 1940 243 1966 ot
260 1948 296 1966 an
318 1940 460 1973 ignorant

246 1975 368 2009 layinan
390 1978 419 2000 to

229 2009 351 2036 confess
372 2013 402 2035 to
423 2017 439 2035 a

232 2044 311 2079 good
335 2044 438 2079 priest.

216 2114 243 2141 lt*
260 2114 308 2140 the
328 2114 450 2148 layman

231 2150 338 2175 lmows
361 2156 446 2174 more

211 2184 269 2210 and
292 2184 341 2210 the
362 2183 457 2215 priest

222 2219 282 2245 less
303 2218 336 2244 ot‘
355 2217 452 2244 God's

211 2254 278 2283 law„
300 2253 349 2279 the
370 2253 458 2279 latter

208 2288 318 2314 should
341 2287 463 2314 confess

210 2328 240 2349 to
261 2323 310 2349 the
331 2322 463 2350 tormer:

201 2357 259 2384 and
281 2357 310 2384 in
332 2357 381 2383 the
403 2365 471 2383 case

266 2392 300 2418 of
317 2392 404 2427 equ-al

219 2427 399 2461 knowledge
419 2434 457 2453 on

218 2462 290 2488 both
312 2461 404 2491 sides,
427 2470 458 2487 as

212 2497 241 2523 in
262 2496 463 2529 Augustine's

199 2532 281 2563 time,
299 2530 474 2557 confession

201 2566 310 2593 should
334 2565 369 2591 be
388 2565 475 2591 made

223 2606 253 2626 to
276 2600 325 2627 the
347 2600 450 2638 priest.

217 2635 283 2662 The
304 2635 453 2670 ditticulty

256 2670 290 2697 ot*
308 2669 423 2703 finding

490 1706 527 1733 et
560 1697 803 1745 quandoque
835 1696 955 1731 talem
991 1695 1283 1731 confessionem
1318 1693 1523 1741 diffugere.

549 1757 755 1800 Quantum
789 1755 839 1789 ad
873 1753 1023 1789 dictum
1057 1752 1284 1800 Augustini,
1331 1761 1441 1799 patet
1484 1752 1591 1799 quod
1625 1749 1861 1798 loquitur25
1917 1755 1955 1786 li.

490 1822 631 1850 contra
664 1812 751 1848 illos
774 1811 842 1860 qui
876 1811 1014 1847 dicunt
1047 1812 1153 1859 quod
1184 1823 1264 1847 non
1294 1809 1387 1846 licet
1416 1809 1600 1846 confiteri
1628 1807 1802 1854 homini3

488 1880 524 1907 et
564 1871 618 1907 sic
652 1870 886 1906 conceditur
918 1869 957 1904 in
991 1882 1085 1906 casu
1126 1870 1231 1917 quod
1275 1867 1419 1915 aliquis
1464 1868 1600 1915 laycus
1645 1875 1804 1903 tenetur

489 1931 535 1965 de
567 1928 804 1965 necessitate
837 1927 976 1963 salutis
1010 1927 1193 1963 confiteri
1217 1925 1382 1974 proprio
1416 1925 1633 1970 sacerdoti;
1668 1936 1804 1960 neces-

489 1987 647 2023 sitatem
682 1999 725 2022 ex
758 1985 1041 2034 supposicione
1070 1985 1268 2032 intellig03
1302 1993 1357 2029 ut,
1392 1984 1523 2031 posito
1558 1984 1665 2031 quod
1700 1992 1804 2019 erret

490 2045 530 2081 in
563 2045 653 2090 fide,
689 2053 725 2080 et
759 2045 855 2080 deus
888 2052 998 2091 aptet
1030 2042 1103 2079 sibi
1138 2056 1262 2078 unuin
1298 2043 1549 2078 sacerdotem
1584 2040 1803 2077 discretum
1822 2046 1863 2077 30

490 2112 533 2139 ut
566 2103 697 2151 ipsum
733 2102 928 2138 consulat.
962 2104 1010 2137 Et
1043 2101 1112 2147 sic,
1147 2100 1269 2137 versis
1304 2100 1414 2136 laicis
1448 2099 1488 2136 in
1521 2099 1720 2147 sapientes
1754 2100 1804 2135 ad

492 2162 610 2197 fidem
644 2160 853 2208 scripture,
900 2169 937 2195 et
968 2159 1090 2196 versis
1125 2158 1404 2195 sacerdotibus
1436 2157 1476 2193 in
1509 2157 1671 2205 ignaros
1705 2157 1803 2205 legis

492 2219 553 2255 dei
588 2228 624 2255 et
657 2219 931 2266 inprudentes,
966 2230 1127 2253 necesse
1161 2226 1218 2253 est
1250 2217 1290 2252 in
1325 2229 1417 2252 casu
1441 2217 1668 2252 sacerdotes
1692 2215 1804 2251 laicis

492 2277 686 2313 confiteri.
741 2277 845 2319 Ideo,
892 2285 1087 2323 quantum
1136 2277 1184 2311 ad
1231 2274 1382 2311 dictum
1427 2273 1654 2321 Augustini,
1709 2273 1804 2309 dicit

492 2334 618 2371 fidelis
665 2335 772 2382 quod
815 2334 948 2382 posita
995 2333 1166 2381 paritate
1210 2332 1410 2380 sapiencie
1460 2333 1715 2368 sacerdotum
1768 2334 1860 2368 et35

491 2392 723 2441 ignorancie
762 2392 957 2428 laicorum
999 2405 1088 2428 curn
1130 2390 1271 2427 ceteris
1304 2389 1468 2438 paribus
1510 2389 1628 2436 (sicut
1660 2389 1733 2425 fuit
1764 2388 1804 2424 in

491 2459 673 2498 tempore
707 2451 794 2497 suo)
830 2449 921 2486 laici
956 2451 1100 2486 debent
1133 2448 1407 2486 sacerdotibus
1442 2447 1636 2484 confiteri.
1678 2449 1803 2483 Verso

492 2518 625 2545 autem
676 2509 817 2544 ordine
868 2510 917 2544 ad
965 2507 1227 2552 contrarium,
1279 2519 1359 2542 non
1410 2507 1527 2542 debet
1576 2504 1661 2541 fieri
1713 2504 1804 2540 talis

492 2566 715 2614 penitencia
760 2565 967 2613 generalis.
1014 2567 1106 2602 Ideo
1151 2565 1412 2613 inprudenter
1458 2572 1515 2600 est
1560 2562 1803 2599 constituere

490 2624 731 2673 generaliter
763 2625 884 2660 talem
918 2625 1061 2671 legem,
1108 2636 1197 2659 cum
1237 2635 1318 2658 non
1356 2623 1529 2658 habeant
1562 2629 1802 2668 potestatem
1818 2635 1862 2665 40

561 2756 580 2774 1.
602 2747 664 2774 dm'
686 2747 720 2774 C.
847 2747 870 2774 5.
899 2755 970 2782 ergo
995 2755 1053 2781 pro
1080 2751 1181 2773 autem
1202 2746 1234 2772 Β.
1360 2752 1388 2779 9.
1411 2744 1568 2771 mundana
1589 2751 1691 2770 omnes
1711 2742 1802 2770 MSS.

492 2791 532 2809 ιι).
556 2782 661 2817 prelati
682 2782 768 2808 deest
788 2782 847 2809 BC.
922 2790 962 2812 ιι.
979 2781 1089 2816 triplex
1105 2781 1139 2808 Cr
1214 2780 1250 2807 15.
1267 2779 1438 2815 peccatoris
1453 2777 1519 2806 AC.
1593 2786 1635 2812 19.
1651 2778 1726 2805 deus
1741 2784 1803 2811 pro

491 2818 595 2843 dicens
617 2818 653 2843 A.
728 2824 771 2850 27.
794 2817 980 2843 concedatur
1001 2816 1031 2842 Β.
1106 2814 1144 2842 31.
1166 2823 1200 2841 ac
1216 2823 1276 2850 pro
1298 2814 1333 2841 ad
1351 2813 1415 2841 AC.
1490 2811 1535 2848 39.
1557 2811 1752 2848 inprndentis
1768 2811 1801 2838 C.

567 2888 595 2920 5.
624 2889 826 2920 Graciosus.
854 2888 1006 2929 Perhaps
1033 2898 1050 2918 a
1077 2887 1221 2918 mistake
1248 2886 1301 2917 for
1330 2886 1536 2916 Gratianus.
