2067 3298
147 574 280 647 Matth.D

178 663 235 702 IV,

157 718 259 739 1—-11

242 868 280 889 10

242 1146 278 1178 15

240 1445 280 1466 20

240 1725 279 1757 25

148 2508 269 2540 Matth.

148 2556 205 2595 Vl,
228 2565 266 2586 10

299 221 387 250 CAP.
408 222 459 249 111.
753 225 812 256 DE
841 225 1148 257 BLASPHEMIA.
1851 221 1900 263 45

297 331 506 366 christiana
540 330 580 366 in
614 330 703 377 fine,
743 330 876 366 omnis
914 330 1059 367 veritas
1100 340 1157 367 est
1197 331 1235 367 in
1276 331 1493 379 scriptura3
1533 345 1614 368 non

298 396 355 425 est
388 389 632 424 credendum
667 401 835 425 romano
869 389 1064 436 pontifici,
1100 388 1177 425 nisi
1210 389 1250 425 in
1282 389 1468 425 veritate:
1505 402 1613 437 ergo,

296 459 377 482 non
410 455 468 482 est
502 447 762 492 credendum,
796 446 874 482 nisi
907 446 947 482 in
980 447 1192 495 scriptura,
1228 447 1268 482 in
1298 460 1376 495 qua
1401 456 1458 483 est
1482 447 1613 483 omnis

297 504 485 540 fundacio
503 504 693 540 veritatis.
719 506 830 550 Item,
851 504 1004 541 Cristus
1027 517 1210 541 summus
1234 504 1411 552 pontifex
1434 505 1614 541 fundavit

297 574 338 598 se
377 562 609 598 humanitus
650 562 775 598 eciam
818 570 958 598 contra
997 563 1202 599 diabolum
1245 563 1284 599 in
1320 562 1531 610 scriptura,
1572 572 1614 599 ut

296 628 406 668 patet
438 621 580 656 Matth.
614 633 652 665 4.
700 622 747 656 Et
786 619 842 656 sic
874 619 966 656 fecit
999 620 1039 656 in
1071 620 1257 657 omnibus
1297 620 1411 657 factis
1444 620 1537 667 suis,
1572 630 1613 657 ut

295 686 405 725 patet
438 677 701 714 discurrendo
734 690 805 726 per
838 689 882 714 ea
916 690 992 726 que
1026 678 1173 726 scripta
1207 687 1298 714 sunt
1333 680 1381 715 de
1419 678 1500 714 illo.
1537 679 1613 724 Qui

296 748 390 783 ergo
430 744 487 771 est
520 737 724 772 Romanus
763 735 952 784 pontifex,
993 736 1061 784 qui
1095 735 1335 784 dedignatur
1373 736 1541 772 fundare
1574 749 1613 772 se

295 793 335 829 in
368 794 453 841 lege
487 793 650 829 Domini
687 794 747 830 vel
781 793 993 841 scriptura,
1040 806 1130 830 cum
1179 793 1228 830 sit
1272 794 1529 842 potissimum
1576 804 1613 830 et

296 851 577 899 dignissimum
610 852 942 887 fundamentam?
977 851 1016 887 Si
1050 851 1157 887 enim
1194 852 1435 900 dedignatur
1465 865 1504 888 se
1527 853 1696 888 fun-The
1712 859 1904 898 1³0pe0i1g11t

296 911 390 945 dare
424 909 465 944 in
498 908 579 955 illa,
615 909 751 945 dicens
784 921 824 945 se
858 910 1004 945 habere
1037 918 1280 957 potestatem
1320 909 1613 958 interpretandi
1641 894 1891 963 ἓὲξῑὲἳῃῗζεᾱῇζᾞ

294 967 423 1014 ipsam
463 968 834 1015 quomodocunque
872 967 1055 1012 voluerit,
1098 976 1134 1003 et
1173 968 1387 1015 supplendi
1426 968 1508 1004 eius
1549 970 1615 1004 de-
1648 965 1878 1025 Ἑῒῑῐῐζίᾖζῑῑέῑξζ

293 1025 432 1069 fectus,
478 1033 573 1060 tunc
620 1026 831 1061 blasfemat
877 1034 919 1060 ut
959 1025 1192 1061 demonium
1235 1025 1519 1061 meridianum.
1565 1028 1613 1061 Et
1674 1020 1861 1067 expomidit

294 1082 393 1118 illud
426 1092 632 1119 revocaret
666 1082 778 1118 illum
812 1096 834 1119 a
868 1082 1087 1119 condendis
1118 1082 1295 1119 articulis
1320 1083 1411 1120 fidei
1436 1092 1477 1119 ut
1500 1083 1613 1119 novis
1656 1067 1873 1137 llgssgssgilfengg

295 1140 447 1188 legibus
471 1141 539 1176 sed
565 1141 681 1176 debet
704 1140 770 1176 illa
798 1153 820 1176 a
853 1141 927 1176 deo
961 1141 1160 1189 complete
1194 1141 1369 1187 condita,
1402 1150 1612 1189 tamquam

295 1210 428 1234 servus
480 1198 655 1244 humilis,
709 1199 927 1234 declarare.
982 1200 1030 1234 Et
1076 1211 1166 1234 cum
1220 1200 1338 1235 debet
1390 1211 1517 1247 usque
1563 1201 1613 1235 ad

296 1255 553 1292 sobrietatem
587 1268 740 1304 sapere.
776 1257 892 1292 debet
921 1256 1127 1293 humiliter
1149 1256 1189 1292 in
1214 1265 1353 1293 sancta
1379 1256 1613 1305 ignor-ancia

295 1313 483 1359 reticere3
519 1322 555 1350 et
587 1314 692 1350 idem
728 1323 785 1350 est
808 1314 1000 1350 iudicium
1026 1316 1074 1350 de
1098 1323 1183 1350 tota
1207 1314 1376 1350 ecclesia
1401 1314 1611 1351 militante.

296 1374 343 1407 Et
376 1380 484 1419 patet
516 1371 804 1419 inpossibilitas
837 1372 1002 1407 secundi
1035 1372 1224 1420 principii
1257 1372 1467 1408 anticristi.

352 1429 496 1465 Tereia
529 1430 752 1466 conclusio:
799 1430 1041 1466 Blasfemum
1077 1430 1179 1466 foret
1212 1443 1360 1479 papam
1395 1431 1456 1467 vel
1490 1430 1610 1466 alium
1629 1436 1653 1463 It
1674 1437 1903 1475 isqblasphemy

295 1487 383 1535 plus
422 1488 597 1534 credere,
644 1487 770 1535 magis
810 1487 975 1535 diligere
1012 1488 1073 1524 vel
1111 1489 1251 1536 exequi
1291 1488 1417 1536 magis
1459 1488 1613 1524 solicite
1630 1473 1900 1534 Πξῖῃᾞέῇζζϊζῖξζῃ

296 1545 400 1593 leges
433 1545 632 1593 proprias,
668 1559 788 1594 quam
815 1546 943 1593 legem
968 1545 1087 1582 Cristi
1121 1555 1158 1582 et
1191 1546 1267 1582 dei.
1302 1548 1414 1582 Patet
1447 1559 1489 1583 ex
1523 1547 1612 1590 hoc,
1635 1541 1897 1611 Scesgffiffilsisssfftgssss

296 1604 402 1650 quod
442 1604 502 1639 lex
540 1605 589 1639 ad
628 1604 755 1651 legem
795 1616 835 1639 se
874 1605 994 1639 habet
1037 1613 1080 1639 ut
1123 1603 1263 1652 legifer
1301 1605 1350 1640 ad
1391 1604 1611 1652 legiferum.
1646 1616 1782 1638 creature
1804 1598 1879 1638 Ritu

296 1661 374 1697 Sed
407 1661 643 1697 blasfemum
680 1662 782 1698 foret
815 1661 855 1697 in
889 1661 973 1698 istis
1001 1661 1239 1710 equiparare
1263 1674 1361 1710 pure
1385 1671 1610 1698 creaturam
1658 1646 1866 1716 tissevffigffi‘ffl'

296 1719 486 1754 creatori:
530 1731 635 1766 ergo,
678 1719 916 1756 blasfemum
956 1720 1059 1756 foret
1099 1719 1336 1768 equiparare
1375 1721 1436 1756 vel
1475 1732 1612 1768 super·
1629 1716 1902 1777 Chfflfftseatlffinhot

296 1777 443 1812 addere
475 1777 603 1824 legem
639 1786 819 1813 creature
852 1777 1058 1825 propriam
1097 1777 1174 1826 legi
1208 1777 1285 1814 dei.
1326 1779 1437 1814 Voco
1477 1786 1611 1814 autem
1658 1771 1872 1823 doing-Coei&

294 1834 420 1882 legem
455 1843 636 1871 creature
670 1835 889 1882 propriam,
925 1848 1046 1883 quam
1081 1835 1220 1871 statuit
1254 1844 1291 1871 et
1323 1836 1450 1872 nescit
1482 1835 1610 1883 ipsam
1730 1820 1801 1846 wul.

295 1892 400 1928 clare
445 1891 586 1928 elicere
631 1905 674 1929 ex
724 1893 935 1941 scriptura.
993 1895 1105 1937 Item,
1156 1893 1521 1941 proporcionaliter
1568 1903 1612 1929 ut

295 1949 383 1998 quis
422 1949 550 1998 diligit
583 1950 757 1987 Cristum
799 1952 915 1987 debet
955 1950 1118 1999 diligere
1158 1950 1241 1987 eius
1280 1952 1427 1999 legem:
1473 1960 1515 1987 ut
1549 1951 1612 1987 hic

295 2007 537 2056 supponitur
583 2017 620 2044 et
664 2008 759 2044 alibi
803 2009 1051 2045 declaratum
1098 2017 1168 2045 est.
1221 2010 1298 2045 Sed
1344 2022 1432 2045 cum
1481 2008 1612 2045 omnis

296 2065 422 2101 fidelis
456 2067 574 2102 debet
612 2066 815 2102 infinitum
850 2067 937 2114 plus
978 2066 1142 2114 diligere
1176 2066 1351 2103 Cristum
1386 2079 1504 2115 quam
1542 2067 1611 2102 ali-

296 2135 417 2171 quam
462 2136 561 2171 pure
606 2133 847 2167 creaturam,
892 2124 1048 2160 videtur
1094 2125 1201 2172 quod
1249 2124 1613 2172 proporcionaliter

297 2182 412 2217 debet
455 2180 620 2229 diligere
659 2183 786 2230 legem
829 2181 960 2218 Cristi.
1007 2183 1169 2228 Omnes,
1215 2182 1394 2230 inquam,
1440 2183 1612 2218 fatemur

296 2240 402 2286 quod
443 2238 644 2287 diligimus
684 2242 803 2276 deum
844 2252 963 2288 super
1003 2239 1156 2280 omnia:
1204 2241 1271 2276 sed
1310 2239 1479 2276 dileccio
1514 2240 1611 2287 legis

265 2300 277 2309 ·'
296 2296 359 2332 dei
391 2296 545 2333 iudicat
576 2297 800 2334 veritatem.
836 2300 947 2339 Item,
982 2298 1348 2346 proporcionaliter
1377 2306 1419 2334 ut
1447 2297 1611 2334 affectus

294 2362 431 2391 noster
463 2363 520 2391 est
553 2356 603 2391 ad
636 2355 800 2405 aliquid,
835 2355 889 2391 sic
914 2355 1147 2404 exequimur
1171 2355 1253 2392 eius
1277 2355 1609 2404 complecionem.

295 2411 336 2447 Si
374 2412 538 2449 affectus
576 2422 724 2460 noster,
769 2422 812 2449 ut
852 2413 1035 2458 dicimus,
1082 2415 1198 2450 debet
1237 2426 1320 2450 esse
1361 2413 1533 2450 maxime
1571 2413 1611 2449 in

294 2470 420 2517 legem
447 2470 609 2513 Christi,
644 2483 737 2518 ergo
761 2472 953 2507 debemus
977 2471 1339 2519 proporcionaliter
1366 2470 1504 2520 exequi
1528 2471 1610 2507 eius

296 2527 628 2575 complecionem.
663 2530 813 2565 Omnes
847 2528 983 2577 itaque
1018 2528 1189 2565 dicimus
1220 2531 1294 2565 deo
1327 2529 1425 2565 illud
1449 2531 1517 2565 Mt.
1544 2531 1608 2565 60:

364 2715 389 2734 2.
411 2707 503 2741 igitur
523 2707 557 2735 C.
642 2707 666 2735 5.
687 2694 847 2747 {secia-A.
939 2716 1034 2742 7-10.
1056 2708 1105 2743 qui
1128 2724 1160 2728 —
1181 2708 1261 2747 enim
1283 2709 1369 2736 deest
1385 2709 1424 2748 A..
1510 2708 1536 2736 S.
1558 2709 1609 2744 qui

295 2750 356 2769 non
372 2750 475 2769 omnes
488 2742 579 2769 MSS.
636 2750 673 2769 12.
694 2743 818 2769 hbuemt
838 2742 897 2770 BC.
954 2751 995 2776 14.
1017 2743 1062 2769 vel
1084 2742 1117 2770 C.
1175 2748 1217 2770 Π).
1239 2744 1393 2770 declarare
1408 2752 1437 2770 m
1452 2751 1552 2779 marg.
1575 2743 1608 2770 C.

295 2775 338 2802 23.
361 2785 391 2803 se
412 2777 502 2803 habet
522 2776 606 2804 deest
626 2777 657 2803 Β.
714 2785 760 2810 24,
777 2777 816 2804 25.
834 2777 1050 2812 blasphemum
1067 2793 1099 2796 —
1114 2785 1186 2812 ergo
1200 2777 1283 2804 deest
1299 2778 1331 2805 Β.
1387 2781 1432 2805 28.
1454 2779 1550 2805 celare
1564 2779 1608 2810 A;

295 2811 374 2838 clare
389 2811 494 2838 elicere
508 2811 608 2846 ipsam
625 2811 658 2839 C.
715 2810 756 2838 35.
773 2820 825 2838 sue
836 2819 897 2846 pro
914 2812 960 2838 dei
976 2813 1014 2839 A.
1071 2810 1117 2839 36.
1133 2812 1169 2839 ad
1186 2812 1241 2839 alld
1255 2814 1299 2843 A;
1315 2812 1362 2839 a'd
1379 2812 1419 2843 C:
1440 2813 1477 2839 ib.
1494 2813 1607 2839 exe2A.

295 2844 412 2880 37—39.
435 2846 467 2873 Si
482 2845 772 2881 -complecionem
789 2846 875 2873 deest
887 2848 925 2873 A.
982 2846 1025 2882 37.
1047 2846 1106 2875 Sed
1119 2854 1179 2882 pro
1196 2847 1221 2873 si
1236 2846 1276 2877 C:
1298 2847 1335 2874 ib.
1358 2847 1437 2874 circa
1455 2855 1513 2882 pro
1528 2847 1558 2874 in
1574 2847 1607 2874 C.
