2067 3298
207 225 285 261 258
937 231 1160 262 JOHANNIS
1186 230 1372 261 WYCLIF'
1600 225 1688 253 CAP-
1710 225 1806 253 XVII-

226 346 380 381 affirming
400 345 463 372 this
495 351 575 375 non
614 346 707 374 sunt
750 336 807 372 illi
847 336 990 385 quibus
1037 338 1132 373 deus
1177 335 1373 373 concessit
1418 335 1650 372 huiusmodi
1695 345 1808 384 pote-

260 381 425 451 Ἣζὲξῖξξιὸ
496 405 654 433 statem.
703 397 751 431 Et
789 394 883 431 licet
921 407 1040 431 nemo
1086 396 1201 431 debet
1240 406 1472 442 presumere
1511 395 1560 430 de
1603 406 1809 442 quoquam

218 451 471 520 seffflffigssgnffiut
497 454 582 491 sine
615 452 865 490 revelacione
898 453 974 489 hoc
1007 454 1182 498 credere,
1217 452 1273 488 sic
1295 465 1370 488 nec
1393 453 1510 488 debet
1532 461 1575 488 ut
1599 452 1811 500 perfidiam

207 521 383 560 sus'pecting
400 520 481 547 them
497 512 595 548 illud
628 511 867 557 discredere,
901 512 969 547 sed
1003 510 1157 546 timere.
1191 511 1252 546 Ad
1275 511 1385 558 quod
1417 510 1576 558 capitur
1608 509 1813 546 evidencia

208 555 717 626 —tbteyedsseffiglssatprobabilis
749 569 893 605 fortem
927 568 1197 617 suspicionem
1231 581 1439 616 generans,
1485 568 1517 604 si
1551 567 1720 604 clericus
1751 568 1846 604 vel5

214 624 473 686 follovxfagyhrist's
497 628 675 676 prelatus
707 640 789 663 non
820 636 951 664 servat
985 627 1112 675 legem
1147 626 1267 663 Cristi
1300 639 1372 662 suo
1406 626 1541 662 officio
1580 625 1811 663 limitatam.

373 681 378 686 ¹
496 687 611 722 Tunc
643 685 749 721 enim
783 684 935 721 indicat
974 686 1084 733 quod
1123 685 1232 730 deus,
1278 683 1408 721 sciens
1446 684 1583 721 omnia
1623 684 1814 732 preterita

498 753 534 780 et
562 744 709 788 futura,
741 756 823 779 non
855 742 968 791 ponit
1001 742 1157 779 eumin
1180 742 1249 779 tali
1282 742 1432 788 officio,
1467 743 1576 790 quod
1610 742 1684 778 scit
1706 743 1814 790 quod

248 809 306 837 We
327 813 439 848 cannot
497 802 537 837 in
561 814 706 850 penam
740 801 895 849 peccati
928 801 1059 849 ipsum
1093 800 1395 849 impossibilitat
1427 800 1665 848 adimplere.
1701 801 1815 837 Unde

208 845 654 915 {ffsfffffeemwffffi'ffvidetur
698 858 907 895 blasfemia
946 860 1054 907 quod
1093 860 1189 895 deus
1230 860 1295 895 det
1336 858 1538 895 sacerdoti
1583 857 1874 894 huiusmodim

246 913 439 983 Ggsssffesssssskd
500 926 754 966 potestatem.
799 916 840 953 Si
873 917 980 953 enim
1020 929 1086 953 rex
1125 916 1316 965 presciret
1350 917 1457 953 clare
1496 918 1604 965 quod
1644 916 1733 965 quis
1766 915 1816 952 sit

221 992 325 1018 power
344 988 375 1010 to
397 983 471 1021 such
499 976 683 1024 proditor
716 975 828 1023 regni
861 975 935 1022 sui,
976 984 1013 1011 et
1046 988 1165 1023 super
1196 974 1307 1011 illam
1341 974 1558 1011 scienciam
1593 976 1709 1011 daret
1741 973 1816 1010 sibi

249 1018 449 1088 {issffqgnssssva
499 1042 736 1082 potestatem
783 1034 945 1081 plenam
991 1035 1041 1070 ad
1086 1033 1182 1069 talia
1235 1033 1509 1080 gubernacula
1552 1032 1642 1069 talis
1691 1032 1815 1080 regni,

208 1087 483 1150 thaffegffisgssaffgne
498 1105 631 1128 nonne
670 1091 916 1128 iudicaretur
949 1093 1056 1139 quod
1091 1104 1155 1127 rex
1188 1091 1278 1127 talis
1311 1091 1414 1127 foret
1447 1090 1707 1139 inprovidus?
1752 1090 1818 1126 Sic

245 1157 347 1197 wpuld
370 1157 441 1184 bea
498 1150 618 1198 igitur
656 1150 863 1186 affirmans
902 1150 1021 1186 talem
1064 1149 1481 1197 pseudo—officialium
1522 1149 1669 1185 habere
1707 1150 1874 1197 pote-15

224 1191 465 1254 trafigorrsmwggld
499 1217 642 1245 statem
667 1217 835 1254 tantam,
870 1220 959 1244 cum
995 1221 1075 1244 non
1107 1208 1233 1256 possit
1267 1207 1377 1244 illam
1412 1208 1572 1252 habere,
1607 1206 1683 1243 nisi
1716 1208 1818 1243 adeo

237 1261 452 1324 fct'ffliqstlgdifflff
499 1265 683 1314 implicat
717 1266 909 1302 blasfeme
944 1267 1053 1314 quod
1086 1267 1196 1311 deus,
1230 1264 1414 1301 omnium
1448 1265 1646 1311 conditor,
1679 1264 1729 1301 sit
1761 1264 1818 1300 in-

216 1339 322 1370 power
341 1335 372 1358 to
393 1330 478 1358 him?
501 1325 689 1372 prudens.
746 1324 813 1359 Ille
851 1324 987 1371 igitur,
1033 1324 1102 1372 qui
1136 1333 1226 1360 ante
1261 1333 1297 1360 et
1331 1333 1421 1372 post
1466 1332 1573 1359 recte
1617 1322 1820 1371 supplebit

225 1365 462 1428 Αδὲξῐζίῗξῃζζξο
500 1381 681 1418 officium
717 1391 753 1417 et
786 1381 945 1417 interim
981 1383 1031 1418 ad
1066 1383 1206 1418 horam
1241 1391 1347 1418 errat
1380 1381 1420 1417 in
1454 1380 1692 1427 ministerio,
1726 1382 1820 1417 abu-

248 1436 452 1497 da‘ffilsssgsffsg
501 1440 598 1476 titur
630 1452 700 1475 sua
734 1448 946 1488 potestate.
990 1440 1060 1476 Ille
1093 1449 1241 1484 autern,
1283 1439 1350 1487 qui
1383 1448 1580 1487 perpetuo
1612 1452 1694 1476 non
1726 1438 1821 1475 facit
1837 1452 1879 1472 20

211 1504 486 1544 powerqonewho
502 1507 609 1534 recte
648 1498 728 1534 tale
767 1497 961 1544 officium,
1006 1511 1088 1533 non
1127 1497 1307 1534 abutitur
1346 1506 1558 1545 potestate,
1605 1497 1682 1534 nisi
1721 1497 1822 1533 forte

248 1540 453 1609 deggsnssusffsll}
502 1565 688 1604 pretenso
713 1557 773 1592 vel
797 1556 1017 1597 communi,
1052 1555 1146 1603 quia
1178 1569 1260 1592 non
1290 1557 1409 1591 habet
1433 1564 1675 1603 potestatem
1700 1556 1820 1592 talem

210 1610 284 1671 (3131655
298 1609 487 1679 ffgtbg‘aeelsse
502 1613 747 1661 specificam,
781 1614 873 1650 licet
906 1613 1160 1662 pompaverit
1193 1627 1234 1650 se
1268 1615 1427 1650 habere.
1469 1615 1584 1650 Unde
1617 1613 1823 1650 evidencia

233 1678 465 1749 gssgt-tltiffapehsg
503 1672 615 1708 fortis
655 1681 724 1717 est,
771 1673 878 1720 quod
919 1673 1097 1719 prelatus
1132 1681 1237 1708 errat
1271 1684 1408 1720 expers
1440 1671 1652 1720 potestatis
1685 1671 1822 1707 huius-

224 1749 278 1776 has
299 1756 378 1775 none
399 1748 476 1775 isto
506 1730 634 1776 modi;
680 1731 712 1766 si
745 1730 999 1778 pompaverit
1045 1729 1140 1775 (sive
1179 1743 1298 1778 papa,
1342 1729 1422 1766 sive
1467 1730 1697 1775 cardinalis,
1741 1729 1823 1766 sive
1839 1732 1878 1764 25

221 1784 282 1823 'be
303 1783 401 1818 proud
423 1782 458 1809 of
504 1788 716 1836 episcopus
761 1801 955 1836 arrogans
1001 1797 1038 1824 et
1084 1792 1297 1836 pompans)
1343 1788 1373 1824 si
1420 1788 1550 1836 segnis
1595 1788 1635 1824 in
1680 1787 1819 1824 humili

220 1823 252 1853 lt,
273 1823 304 1845 to
324 1818 479 1844 whatever

235 1853 347 1892 station
368 1852 403 1879 of
419 1852 468 1879 the
505 1846 625 1882 Cristi
664 1846 819 1891 offici03
865 1846 1013 1882 frustra
1046 1859 1126 1894 quo
1159 1847 1209 1882 ad
1242 1847 1392 1883 scolam
1428 1846 1546 1883 Cristi
1591 1845 1822 1883 huiusmodi

232 1887 468 1958 ρῶιὲζῒῗὲῗοάῃὲῗ
505 1913 759 1952 potestatem.
795 1904 1072 1940 Periculosum
1096 1904 1233 1952 itaque
1256 1905 1357 1940 foret
1380 1904 1584 1940 hominem
1608 1904 1822 1941 vendicare

503 1962 725 1998 novitatem
770 1962 993 2010 potestatis,
1039 1962 1152 1998 sicud
1197 1962 1356 2010 spissim
1404 1962 1446 1998 fit
1486 1962 1526 1998 in
1567 1962 1735 1998 materia
1775 1964 1823 1998 de

505 2020 734 2070 eukaristia,
768 2021 828 2057 vel
851 2021 1060 2068 antiquam
1085 2029 1326 2069 potestatem
1351 2020 1435 2057 sine
1459 2020 1823 2069 correspondencia
1841 2025 1882 2056 30

268 2085 327 2124 We
348 2089 431 2112 must
504 2078 637 2126 operis
670 2091 848 2115 asserere
880 2092 920 2115 se
954 2080 1113 2115 habere.
1168 2080 1274 2115 Deus
1320 2078 1425 2115 enim
1472 2078 1674 2115 ordinavit
1715 2080 1824 2127 quod

258 2120 373 2182 ἓξιῐζξζξ
390 2127 450 2181 ῗοᾞ
505 2137 709 2185 operibus,
744 2149 820 2185 que
854 2136 946 2173 hinc
979 2136 1182 2174 ordinavit
1203 2136 1407 2173 sensibilia
1431 2138 1623 2173 debemus
1647 2137 1823 2182 credere,

226 2189 483 2252 εἴθᾞξξξξῗῃέὴξδ
507 2203 543 2231 et
588 2204 845 2243 potestatem,
890 2207 1011 2244 quam
1059 2194 1263 2232 ordinavit
1307 2194 1580 2232 insensibilem
1628 2203 1665 2231 et
1709 2194 1824 2231 nobis

269 2247 401 2287 fort'hin
508 2253 788 2290 absconditam
829 2265 872 2289 ex
910 2253 1100 2301 operibus
1140 2254 1188 2289 de
1226 2252 1301 2290 levi
1346 2255 1537 2290 debemus
1581 2265 1823 2301 supponere.

263 2337 446 2361 senses‚we
508 2312 629 2347 Modo
669 2320 803 2347 autem
844 2311 1011 2348 eversivi
1055 2312 1165 2348 scola
1204 2311 1414 2357 anticristi,
1467 2311 1641 2347 dimissis
1694 2311 1881 2359 operi-35

263 2294 382 2330 beyond
403 2267 453 2320 {ise

216 2362 492 2432 W‘jicsschos'sfflssgjyufffoge
508 2370 593 2415 bus,
619 2369 825 2405 contendit
849 2369 955 2405 circa
972 2369 1292 2417 magnitudinem
1310 2369 1532 2417 potestatis.
1556 2371 1637 2405 Nec
1657 2369 1823 2405 dubium

296 2433 410 2460 works.
507 2427 603 2475 quin
628 2427 866 2464 innaturalis
890 2428 997 2464 scole
1030 2427 1183 2464 eversio
1217 2427 1440 2475 originatur
1464 2440 1486 2464 a
1509 2439 1600 2475 rege
1623 2427 1822 2476 superbie.

231 2491 410 2552 8ΟΠΝΤῙίὶίῚιἸιΞὲ
431 2526 480 2552 the
565 2486 784 2521 Redeundo
823 2485 943 2533 igitur
976 2486 1026 2522 ad
1058 2485 1326 2534 propositum,
1371 2485 1606 2522 conceditur
1644 2487 1751 2534 quod
1785 2485 1824 2521 in
1864 2488 1904 2519 D.

239 2561 469 2595 priestblesses
508 2555 600 2580 casu
649 2545 836 2579 sacerdos
882 2543 956 2579 rite
1001 2543 1201 2580 benedicit
1244 2543 1351 2592 pani,
1397 2556 1512 2592 aque,
1558 2544 1648 2580 oleo
1693 2552 1731 2579 et
1776 2543 1825 2579 si-

274 2595 324 2621 the
344 2599 438 2622 water

576 2678 599 2705 5.
627 2678 881 2713 supposicionem
910 2677 945 2705 C.
1054 2686 1095 2705 10.
1123 2678 1208 2705 modi
1234 2679 1321 2705 deest
1343 2679 1382 2705 A.
1496 2686 1530 2705 11.
1559 2677 1597 2704 sit
1622 2677 1766 2705 continue
1792 2678 1824 2705 B.

509 2720 549 2745 14.
577 2713 702 2740 nomine
721 2714 759 2740 A.
834 2721 873 2754 17.
896 2712 1037 2748 proditor
1057 2713 1089 2740 B.
1163 2721 1206 2740 22.
1236 2718 1376 2748 pretensa
1403 2713 1436 2740 B.
1510 2720 1555 2746 24.
1578 2717 1657 2739 erret
1677 2712 1718 2746 C;
1739 2713 1777 2739 ib.
1799 2717 1827 2739 et

509 2756 579 2781 pars
599 2748 641 2780 A;
670 2756 705 2774 ex
727 2752 811 2782 parte
833 2748 867 2775 (,,
948 2748 989 2775 25.
1012 2748 1035 2774 si
1053 2755 1114 2783 pro
1136 2748 1199 2774 sive
1219 2748 1329 2783 before
1350 2755 1428 2782 papa
1449 2748 1513 2775 AB.
1587 2755 1632 2782 27,
1653 2747 1698 2774 28.
1721 2747 1826 2774 huius-

509 2782 591 2808 modi
620 2787 770 2817 potestate
793 2790 855 2817 pro
882 2782 984 2809 officio
1010 2798 1043 2801 —-
1071 2787 1254 2817 potestatem
1284 2783 1315 2810 B.
1462 2789 1508 2817 29.
1532 2782 1575 2809 sit
1602 2789 1705 2808 omnes
1732 2782 1824 2809 MSS.

509 2826 553 2853 30.
570 2828 695 2889 ἃηῐίἓυει
709 2829 747 2855 A.
822 2827 860 2863 31,
877 2827 919 2855 32.
935 2829 1017 2863 quod
1035 2829 1182 2863 operibus
1199 2828 1284 2855 deest
1296 2829 1330 2856 C.
1404 2828 1447 2856 32.
1469 2829 1517 2855 hic
1531 2829 1570 2855 A.
1644 2826 1684 2854 35.
1702 2818 1824 2862 oni'iA3

507 2870 604 2889 eversi
652 2883 657 2889 .
