2067 3298
162 897 198 917 lO

216 245 304 272 CAP-
326 244 434 272 XVIII·
672 249 729 279 DE
758 248 1067 279 BLASPHEMIA.
1733 251 1811 288 279

274 356 419 390 Forma
453 363 586 390 autem
622 353 662 390 in
696 353 1007 401 probacionibus
1047 354 1181 402 regule
1220 354 1376 390 novelle
1415 362 1525 402 patet

216 425 259 448 ex
292 412 408 448 dictis
442 413 488 448 de
524 407 575 448 30ἰ
613 413 698 460 lege
731 412 879 460 papali.
928 412 1076 457 Primo,
1110 413 1316 460 quomodo
1349 411 1406 448 illi
1440 412 1525 460 qui—

215 471 287 506 bus
320 469 524 518 provisum
559 478 617 506 est
649 471 794 506 debent
826 470 996 518 preponi
1031 482 1073 506 ex
1107 474 1174 506 ca0
1209 470 1252 506 Si
1283 471 1442 515 duobus,
1476 471 1523 506 de

215 528 430 576 rescriptis,
448 528 487 564 in
505 530 564 574 60,
584 529 780 574 Secundo,
801 530 1007 577 quomodo
1023 527 1169 576 singuli
1186 528 1365 564 cristiani
1381 530 1526 564 debent

213 587 335 623 semel
368 586 407 622 in
440 599 544 622 anno
584 586 746 634 proprio
786 586 1000 633 sacerdoti,
1046 595 1083 622 et
1115 585 1203 631 soli,
1249 595 1415 634 peccata
1455 599 1525 622 sua

213 645 367 693 singula
417 644 612 690 confiteri,
666 653 708 680 ut
753 653 862 693 patet
906 644 947 680 in
990 645 1094 692 lege:
1147 644 1280 681 Omnis
1328 645 1526 694 utriusque

212 715 340 739 sexus.
382 704 430 738 Et
467 703 523 749 30,
559 704 762 751 quomodo
796 702 1122 739 excomunicacio
1157 702 1452 739 offendencium
1487 702 1526 738 in

214 761 437 797 cardinales
462 769 497 797 et
522 761 620 797 alios
654 762 770 798 debet
803 761 902 804 fieri,
936 770 978 797 ut
1011 769 1121 809 patet
1154 760 1194 796 in
1217 761 1302 809 lege
1326 762 1374 797 de
1397 760 1524 809 penis,

214 823 280 855 ca0
304 820 437 867 felicis
485 820 669 855 memorie
699 821 758 856 60.
811 822 900 855 Non
937 819 1041 855 enim
1080 819 1239 866 patroni
1275 819 1525 867 privatorum

213 876 379 913 istorum
401 877 587 913 ordinum
607 886 884 925 presumerent
902 890 942 914 se
962 879 1057 913 dare
1080 877 1232 913 reccius
1258 877 1526 913 medicamina

214 943 353 971 contra
393 935 553 983 culpam
593 948 712 984 quam
754 936 908 983 regulat
949 935 1059 971 curia
1092 948 1260 971 romana
1292 935 1332 971 in
1365 935 1524 972 talibus.

271 995 376 1039 Ideo,
402 995 645 1029 attendendo
665 996 715 1030 ad
738 1003 895 1041 tempus
919 993 1197 1041 obligacionis,
1222 995 1273 1029 ad
1290 993 1522 1030 varietatem
1565 988 1795 1060 ggjscflssffiiiffl,

214 1060 318 1087 secte
351 1051 525 1099 obligate
549 1060 585 1087 et
610 1053 658 1088 ad
682 1064 828 1100 penam
862 1064 938 1099 que
961 1051 1001 1087 in
1035 1051 1282 1087 offendentes
1316 1051 1524 1099 infligitur,
1541 1063 1570 1086 to
1593 1047 1694 1098 pr'efmj
1718 1059 1816 1086 man's

213 1118 323 1157 patet
356 1111 464 1158 quod
497 1110 617 1146 stulte
652 1110 849 1146 medicina
885 1109 1004 1146 Cristi
1037 1109 1305 1157 postponitur.
1353 1112 1401 1145 Et
1435 1094 1815 1157 611111ῑ11ἓξὲηοῖ1ῗῃξῗ5ῒ,

212 1180 293 1204 non
341 1167 599 1203 mediocriter
643 1176 781 1215 peccat
826 1167 893 1216 qui
945 1167 1090 1204 maiori
1145 1169 1251 1204 bono
1296 1168 1524 1216 postposito

214 1225 344 1261 minus
378 1225 500 1273 eligit,
536 1225 744 1262 manifeste
777 1226 932 1262 videtur
965 1227 1073 1274 quod
1106 1238 1247 1263 omnes
1282 1225 1386 1262 dicte
1419 1234 1526 1262 secte

212 1283 496 1320 inevitabiliter
540 1292 721 1331 peccant,
775 1283 958 1331 eligendo
1003 1283 1247 1320 tradiciones
1294 1284 1525 1320 huiusmodi

213 1341 461 1378 adinventas.
495 1342 681 1378 Securius
705 1341 864 1390 quidem
891 1342 993 1378 foret
1026 1341 1141 1377 inniti
1175 1342 1373 1378 medicine
1402 1338 1815 1401 quamtlsssstlfffi'efflssfsfilh

214 1399 366 1436 Cristus
389 1399 559 1436 instituit
583 1409 722 1437 contra
745 1409 955 1448 peccatum
980 1400 1133 1446 mundi,
1158 1409 1370 1448 peccatum
1395 1400 1525 1437 carnis
1542 1409 1585 1435 He
1600 1417 1675 1444 gave
1698 1409 1817 1442 against

213 1466 333 1506 atque
367 1458 529 1505 diaboli,
571 1471 691 1507 quam
725 1458 857 1494 taliter
889 1458 1131 1495 incarcerari
1163 1458 1203 1494 in
1237 1459 1427 1505 claustro,
1465 1459 1526 1495 vel
1558 1444 1726 1505 Ἧξδῇνζζιὲ
1743 1444 1797 1504 ᾖιῇἕ

214 1516 346 1552 taliter
393 1520 449 1551 2¹n
489 1516 665 1564 privatas
712 1516 994 1553 observancias
1046 1516 1232 1564 regulari,
1286 1517 1347 1553 vel
1391 1516 1526 1553 taliter
1559 1514 1748 1576 ξένὸῑὲνυξῦἒῃ
1768 1518 1799 1574 113

215 1577 271 1609 2m
311 1574 459 1610 formas
507 1583 833 1622 tegumentorum
878 1574 1118 1622 generaliter
1163 1575 1356 1623 coaptari.
1411 1576 1525 1611 Unde
1593 1557 1770 1610 aconveiit.

214 1640 323 1680 patet
368 1634 418 1668 ad
463 1633 624 1669 oculum
671 1634 778 1681 quod
824 1633 959 1680 regule
1004 1634 1224 1669 secundum
1273 1646 1371 1681 quas
1419 1642 1525 1669 secte

213 1691 312 1726 tales
345 1690 593 1737 reficiuntur,
635 1703 724 1726 cum
760 1692 899 1726 eadem
933 1691 982 1726 sit
1015 1691 1123 1727 racio
1155 1691 1195 1727 in
1229 1691 1416 1727 omnibus
1449 1691 1526 1727 illis

214 1747 341 1794 sectis,
376 1749 493 1784 stulte
527 1757 563 1784 et
595 1748 818 1797 inprovide,
852 1749 919 1784 ubi
954 1757 1010 1785 est
1044 1749 1216 1785 racionis
1250 1748 1526 1794 conformitas,

214 1815 296 1842 tam
328 1806 436 1842 varie
468 1807 729 1844 seminantur.
764 1809 805 1843 In
829 1807 941 1843 cuius
974 1807 1150 1854 signum:
1186 1807 1226 1843 in
1250 1808 1388 1855 regula
1407 1807 1527 1844 Cristi
1550 1805 1583 1831 [n
1607 1804 1739 1867 (ξξῑὲδξξ
1759 1805 1816 1831 law

214 1877 295 1900 non
339 1873 469 1912 potest
512 1866 645 1901 notari
691 1866 881 1911 defectus,
926 1864 1038 1901 sicud
1078 1878 1150 1901 nec
1188 1865 1228 1901 in
1266 1865 1527 1902 observancia
1580 1874 1782 1910 Christianity

214 1923 349 1970 regule
397 1923 595 1960 cristiane.
651 1926 693 1959 In
732 1923 808 1959 illis
853 1931 986 1959 autem
1032 1923 1196 1971 privatis
1241 1923 1450 1960 ordinibus
1490 1910 1817 1975 etd{}³eec¹{‘}‚{{{e¹s¹gas

214 1980 360 2028 regulis
393 1981 557 2017 detectis
590 1981 629 2016 in
658 1981 757 2026 luce,
792 1981 969 2017 crebrius
1002 1990 1112 2028 patet
1145 1994 1267 2018 error.
1322 1983 1371 2017 Et
1404 1981 1524 2018 istum
1548 1980 1632 2041 theiff
1653 1987 1817 2041 ὃξίῖῦᾞεῦῃῖ

215 2050 391 2075 errorem
424 2039 551 2087 tangit
586 2038 876 2075 Lincolniensis
908 2039 977 2075 ubi
1010 2052 1151 2087 supra;
1197 2048 1239 2075 ut
1284 2048 1393 2087 patet
1437 2040 1525 2075 luce
1599 2023 1756 2088 rel-ligimus.

215 2096 358 2132 clarius
392 2098 527 2133 sedule
560 2096 780 2145 indaganti.
827 2098 1056 2146 Quomodo,
1091 2110 1228 2145 queso,
1262 2083 1816 2154 procederentAnssofflffssffoehyw

216 2167 237 2190 a
261 2156 335 2190 deo
368 2156 466 2191 tales
500 2156 648 2203 regule,
683 2168 771 2191 cum
803 2155 852 2190 sit
885 2168 1006 2203 supra
1039 2164 1280 2203 potestatem
1316 2155 1523 2192 hominum
1560 2153 1792 2215 pl'OCDCffinfg'Om

216 2212 282 2248 illa
315 2221 488 2249 statuere
521 2213 576 2249 sic
609 2213 830 2261 perpetuo?
864 2214 943 2249 Cur
967 2226 1040 2260 pro
1070 2222 1155 2249 toto
1189 2222 1372 2261 tempore
1391 2213 1524 2257 Cristi,
1576 2223 1781 2258 inspiration?

218 2279 253 2306 et
298 2279 356 2306 tot
401 2271 639 2307 centenariis
687 2284 884 2307 annorum
931 2271 1015 2307 51116
1064 2272 1322 2308 observancia
1370 2272 1527 2308 fuerant
1560 2257 1786 2319 Ἑξὲζῑξέξυὲέ

162 2341 201 2373 35
218 2328 376 2364 ociose?
419 2331 497 2365 Aut
531 2341 606 2377 que
639 2329 760 2374 racio,
796 2342 918 2377 quare
952 2342 1053 2364 unus
1086 2329 1294 2377 religiosus
1327 2329 1528 2377 obligatur
1568 2327 1740 2362 compelled
1762 2332 1793 2354 10

218 2388 267 2422 nd
290 2386 433 2422 libram
457 2387 571 2434 panis
590 2387 630 2422 in
649 2387 724 2433 die,
750 2388 800 2423 ad
823 2399 1008 2423 amenam
1033 2387 1125 2433 vini,
1152 2396 1188 2423 et
1211 2400 1292 2423 non
1316 2389 1527 2423 comedere
1542 2366 1731 2430 abstinsetrrilccet,
1752 2397 1811 2424 and

217 2457 355 2480 carnes
388 2446 711 2493 quadrupedum,
746 2454 782 2481 et
806 2458 886 2481 non
910 2445 1078 2493 quilibet
1112 2457 1211 2493 eque
1240 2446 1379 2493 aptus?
1413 2447 1527 2482 Unde
1569 2436 1623 2459 Ποῖ
1644 2432 1793 2459 another?

285 2575 313 2600 4.
329 2567 411 2601 quod
428 2567 460 2595 C.
536 2566 553 2594 8
580 2568 690 2602 preferi
707 2568 740 2595 C.
815 2575 842 2602 ς),
864 2568 893 2594 111
910 2576 971 2602 pro
994 2568 1142 2594 memorie
1163 2568 1201 2594 A.
1276 2566 1313 2595 13.
1335 2572 1363 2595 et
1381 2568 1471 2595 deest
1488 2568 1525 2595 A.

218 2602 252 2629 15.
276 2608 401 2636 peccant
419 2603 457 2629 A.
533 2611 572 2637 17.
594 2603 764 2630 mentaliter
785 2602 816 2629 Β.
897 2611 938 2636 1⁴).
961 2607 1119 2637 peccatum
1140 2602 1250 2636 before
1269 2603 1370 2630 carnis
1390 2603 1473 2630 deest
1492 2603 1526 2630 C.

216 2644 260 2663 20.
283 2638 328 2663 vel
350 2637 434 2663 deest
451 2637 483 2663 Β.
557 2645 601 2671 27.
624 2637 675 2664 sed
698 2637 732 2665 C.
807 2636 852 2664 36.
875 2645 1015 2664 armenam
1037 2645 1141 2664 omnes
1159 2637 1249 2664 MSS.

287 2697 429 2728 3.Decr.
447 2697 556 2728 Clem.
583 2698 633 2736 IL,
659 2698 708 2728 tit.
739 2698 766 2736 3,
795 2708 821 2728 6.
854 2707 880 2728 1.
936 2696 967 2728 6.
994 2698 1058 2728 See
1084 2708 1116 2738 p.
1148 2707 1219 2736 112,
1240 2704 1331 2729 note.
1387 2708 1418 2740 9.
1438 2699 1528 2729 Sext.

217 2743 315 2773 Decr.
330 2743 370 2782 V,
386 2744 435 2774 tit.
454 2754 484 2785 9,
505 2754 530 2775 6.
550 2743 578 2783 5,
598 2744 728 2775 Felicis
748 2743 1017 2776 recordationis.
1073 2754 1122 2774 11.
1143 2744 1179 2775 In
1201 2744 1338 2776 talibus.
1358 2745 1369 2775 I
1388 2754 1444 2775 am
1463 2751 1496 2775 at
1511 2755 1529 2775 a

216 2789 288 2819 loss
302 2795 336 2820 to
351 2800 407 2820 see
422 2789 515 2820 what
528 2789 596 2820 this
611 2789 802 2831 paragraph
816 2789 879 2820 1135
894 2796 929 2820 to
945 2790 989 2820 do
1004 2789 1087 2821 with
1102 2789 1195 2821 what
1209 2791 1374 2832 precedes
1389 2790 1530 2822 orwhat

218 2835 368 2866 follows.
388 2836 480 2878 Only
498 2836 556 2867 the
576 2835 647 2867 first
665 2846 788 2875 canon,
809 2837 849 2868 Si
867 2836 1011 2875 duobus,
1039 2836 1099 2867 &c.
1118 2846 1180 2867 can
1197 2836 1286 2867 have
1305 2847 1370 2879 any
1388 2837 1529 2878 bearing

218 2891 314 2923 upon
340 2881 397 2913 the
425 2883 549 2913 Friars.
615 2881 667 2914 36.
696 2886 880 2914 Amenam.
907 2883 927 2913 1.
954 2893 982 2913 c.
1009 2882 1199 2914 heminam.
1227 2884 1291 2914 See
1318 2883 1372 2914 Du
1400 2884 1529 2925 Cange.
